time,stock_code,current_price,volume,prev_day_high,ma5,rsi14,disparity,stoch_k,stoch_d,vol_ratio,z_vol,obv_delta,spread,bid_ask_imbalance,accel_delta,ret_1s,ask1,ask2,ask3,ask4,ask5,bid1,bid2,bid3,bid4,bid5,ask1_qty,ask2_qty,ask3_qty,ask4_qty,ask5_qty,bid1_qty,bid2_qty,indiv_net_vol,foreign_net_vol,inst_net_vol,pension_net_vol,trust_net_vol,insurance_net_vol,private_fund_net_vol,bank_net_vol,state_net_vol,other_net_vol,prog_net_vol
143937781,005930,70600.0,9216651,0.0,0.0,50.0,100.0,50.0,50.0,1.0,0.0,0.0,0.0,0.0,0.0,0.0,0.0,0.0,0.0,0.0,0.0,0.0,0.0,0.0,0.0,0.0,0,0,0,0,0,0,0,0.0,0.0,0.0,0.0,0.0,0.0,0.0,0.0,0.0,0.0,0.0
143937783,005930,70600.0,9216663,0.0,0.0,50.0,100.0,50.0,50.0,1.0,0.0,0.0,0.0,0.0,0.0,0.0,0.0,0.0,0.0,0.0,0.0,0.0,0.0,0.0,0.0,0.0,0,0,0,0,0,0,0,0.0,0.0,0.0,0.0,0.0,0.0,0.0,0.0,0.0,0.0,0.0
143937785,005930,70600.0,9216667,0.0,0.0,50.0,100.0,50.0,50.0,1.0,0.0,0.0,0.0,0.0,0.0,0.0,0.0,0.0,0.0,0.0,0.0,0.0,0.0,0.0,0.0,0.0,0,0,0,0,0,0,0,0.0,0.0,0.0,0.0,0.0,0.0,0.0,0.0,0.0,0.0,0.0
143937786,005930,70500.0,9216668,0.0,0.0,50.0,100.0,50.0,50.0,1.0,0.0,-9216668.0,0.0,0.0,-100.0,0.0,0.0,0.0,0.0,0.0,0.0,0.0,0.0,0.0,0.0,0.0,0,0,0,0,0,0,0,0.0,0.0,0.0,0.0,0.0,0.0,0.0,0.0,0.0,0.0,0.0
143938328,005930,70500.0,9216669,0.0,70560.0,50.0,99.91496598639455,50.0,50.0,1.0,0.0,0.0,0.0,0.0,100.0,0.0,0.0,0.0,0.0,0.0,0.0,0.0,0.0,0.0,0.0,0.0,0,0,0,0,0,0,0,0.0,0.0,0.0,0.0,0.0,0.0,0.0,0.0,0.0,0.0,0.0
143939030,005930,70500.0,9216672,0.0,70540.0,50.0,99.94329458463284,50.0,50.0,1.0,0.0,0.0,0.0,0.0,0.0,0.0,0.0,0.0,0.0,0.0,0.0,0.0,0.0,0.0,0.0,0.0,0,0,0,0,0,0,0,0.0,0.0,0.0,0.0,0.0,0.0,0.0,0.0,0.0,0.0,0.0
143939327,005930,70500.0,9216686,0.0,70520.0,50.0,99.97163925127623,50.0,50.0,1.0,0.0,0.0,0.0,0.0,0.0,0.0,0.0,0.0,0.0,0.0,0.0,0.0,0.0,0.0,0.0,0.0,0,0,0,0,0,0,0,0.0,0.0,0.0,0.0,0.0,0.0,0.0,0.0,0.0,0.0,0.0
143940619,005930,70600.0,9216763,0.0,70520.0,50.0,100.11344299489507,50.0,50.0,1.0,0.0,9216763.0,0.0,0.0,100.0,0.14184397163120568,0.0,0.0,0.0,0.0,0.0,0.0,0.0,0.0,0.0,0.0,0,0,0,0,0,0,0,0.0,0.0,0.0,0.0,0.0,0.0,0.0,0.0,0.0,0.0,0.0
143940728,005930,70600.0,9216766,0.0,70540.0,50.0,100.08505812305076,50.0,50.0,1.0,0.0,0.0,0.0,0.0,-100.0,0.14184397163120568,0.0,0.0,0.0,0.0,0.0,0.0,0.0,0.0,0.0,0.0,0,0,0,0,0,0,0,0.0,0.0,0.0,0.0,0.0,0.0,0.0,0.0,0.0,0.0,0.0
143940931,005930,70500.0,9216770,0.0,70540.0,50.0,99.94329458463284,50.0,50.0,1.0,1.582588475143572,-9216770.0,0.0,0.0,-100.0,0.0,0.0,0.0,0.0,0.0,0.0,0.0,0.0,0.0,0.0,0.0,0,0,0,0,0,0,0,0.0,0.0,0.0,0.0,0.0,0.0,0.0,0.0,0.0,0.0,0.0
143941929,005930,70500.0,9216771,0.0,70540.0,50.0,99.94329458463284,50.0,50.0,1.0,1.3770855850736468,0.0,0.0,0.0,100.0,-0.141643059490085,0.0,0.0,0.0,0.0,0.0,0.0,0.0,0.0,0.0,0.0,0,0,0,0,0,0,0,0.0,0.0,0.0,0.0,0.0,0.0,0.0,0.0,0.0,0.0,0.0
143941930,005930,70500.0,9216796,0.0,70540.0,50.0,99.94329458463284,50.0,50.0,1.0,1.5899933173855618,0.0,0.0,0.0,0.0,-0.141643059490085,0.0,0.0,0.0,0.0,0.0,0.0,0.0,0.0,0.0,0.0,0,0,0,0,0,0,0,0.0,0.0,0.0,0.0,0.0,0.0,0.0,0.0,0.0,0.0,0.0
143942829,005930,70500.0,9217096,0.0,70520.0,50.0,99.97163925127623,50.0,50.0,1.0,3.1023259544551025,0.0,0.0,0.0,0.0,0.0,0.0,0.0,0.0,0.0,0.0,0.0,0.0,0.0,0.0,0.0,0,0,0,0,0,0,0,0.0,0.0,0.0,0.0,0.0,0.0,0.0,0.0,0.0,0.0,0.0
143942830,005930,70500.0,9217130,0.0,70500.0,50.0,100.0,63.63636363636363,50.0,1.0,2.424678955257074,0.0,0.0,0.0,0.0,0.0,0.0,0.0,0.0,0.0,0.0,0.0,0.0,0.0,0.0,0.0,0,0,0,0,0,0,0,0.0,0.0,0.0,0.0,0.0,0.0,0.0,0.0,0.0,0.0,0.0
143943222,005930,70600.0,9217131,0.0,70520.0,50.0,100.11344299489507,72.72727272727273,50.0,1.0,1.9894153507664405,9217131.0,0.0,0.0,100.0,0.14184397163120568,0.0,0.0,0.0,0.0,0.0,0.0,0.0,0.0,0.0,0.0,0,0,0,0,0,0,0,0.0,0.0,0.0,0.0,0.0,0.0,0.0,0.0,0.0,0.0,0.0
143944346,005930,70600.0,9217132,0.0,70540.0,50.0,100.08505812305076,72.72727272727273,69.6969696969697,1.0,1.7287963097844694,0.0,0.0,0.0,-100.0,0.0,0.0,0.0,0.0,0.0,0.0,0.0,0.0,0.0,0.0,0.0,0,0,0,0,0,0,0,0.0,0.0,0.0,0.0,0.0,0.0,0.0,0.0,0.0,0.0,0.0
143944627,005930,70500.0,9217189,0.0,70540.0,40.0,99.94329458463284,63.63636363636363,69.6969696969697,1.0,1.7732184832303672,-9217189.0,0.0,0.0,-100.0,-0.141643059490085,0.0,0.0,0.0,0.0,0.0,0.0,0.0,0.0,0.0,0.0,0,0,0,0,0,0,0,0.0,0.0,0.0,0.0,0.0,0.0,0.0,0.0,0.0,0.0,0.0
143944830,005930,70500.0,9217226,0.0,70540.0,50.0,99.94329458463284,63.63636363636363,66.66666666666667,1.0,1.7286838320335938,0.0,0.0,0.0,100.0,-0.141643059490085,0.0,0.0,0.0,0.0,0.0,0.0,0.0,0.0,0.0,0.0,0,0,0,0,0,0,0,0.0,0.0,0.0,0.0,0.0,0.0,0.0,0.0,0.0,0.0,0.0
143944831,005930,70500.0,9217236,0.0,70540.0,50.0,99.94329458463284,63.63636363636363,63.63636363636363,1.0,1.6006001479378968,0.0,0.0,0.0,0.0,-0.141643059490085,0.0,0.0,0.0,0.0,0.0,0.0,0.0,0.0,0.0,0.0,0,0,0,0,0,0,0,0.0,0.0,0.0,0.0,0.0,0.0,0.0,0.0,0.0,0.0,0.0
143945325,005930,70600.0,9217242,0.0,70540.0,60.0,100.08505812305076,72.72727272727273,66.66666666666667,1.0,1.4905898008417484,9217242.0,0.0,0.0,100.0,0.0,0.0,0.0,0.0,0.0,0.0,0.0,0.0,0.0,0.0,0.0,0,0,0,0,0,0,0,0.0,0.0,0.0,0.0,0.0,0.0,0.0,0.0,0.0,0.0,0.0
143945326,005930,70500.0,9217302,0.0,70520.0,50.0,99.97163925127623,63.63636363636363,66.66666666666667,1.0,1.5948298603405309,-9217302.0,0.0,0.0,-200.0,-0.141643059490085,0.0,0.0,0.0,0.0,0.0,0.0,0.0,0.0,0.0,0.0,0,0,0,0,0,0,0,0.0,0.0,0.0,0.0,0.0,0.0,0.0,0.0,0.0,0.0,0.0
143946025,005930,70500.0,9217304,0.0,70520.0,40.0,99.97163925127623,63.63636363636363,66.66666666666667,1.0,1.4820545626089354,0.0,0.0,0.0,100.0,0.0,0.0,0.0,0.0,0.0,0.0,0.0,0.0,0.0,0.0,0.0,0,0,0,0,0,0,0,0.0,0.0,0.0,0.0,0.0,0.0,0.0,0.0,0.0,0.0,0.0
143946431,005930,70600.0,9217309,0.0,70540.0,50.0,100.08505812305076,72.72727272727273,66.66666666666667,1.0,1.4018740487997,9217309.0,0.0,0.0,100.0,0.14184397163120568,0.0,0.0,0.0,0.0,0.0,0.0,0.0,0.0,0.0,0.0,0,0,0,0,0,0,0,0.0,0.0,0.0,0.0,0.0,0.0,0.0,0.0,0.0,0.0,0.0
143946729,005930,70500.0,9217315,0.0,70540.0,50.0,99.94329458463284,63.63636363636363,66.66666666666667,1.0,1.339716957024073,-9217315.0,0.0,0.0,-200.0,0.0,0.0,0.0,0.0,0.0,0.0,0.0,0.0,0.0,0.0,0.0,0,0,0,0,0,0,0,0.0,0.0,0.0,0.0,0.0,0.0,0.0,0.0,0.0,0.0,0.0
143947025,005930,70600.0,9217464,0.0,70540.0,57.142857142857146,100.08505812305076,72.72727272727273,69.6969696969697,1.0,1.747917487102388,9217464.0,0.0,0.0,200.0,0.14184397163120568,0.0,0.0,0.0,0.0,0.0,0.0,0.0,0.0,0.0,0.0,0,0,0,0,0,0,0,0.0,0.0,0.0,0.0,0.0,0.0,0.0,0.0,0.0,0.0,0.0
143947430,005930,70500.0,9217472,0.0,70540.0,50.0,99.94329458463284,63.63636363636363,66.66666666666667,1.0,1.6455114055515332,-9217472.0,0.0,0.0,-200.0,0.0,0.0,0.0,0.0,0.0,0.0,0.0,0.0,0.0,0.0,0.0,0,0,0,0,0,0,0,0.0,0.0,0.0,0.0,0.0,0.0,0.0,0.0,0.0,0.0,0.0
143947820,005930,70500.0,9217640,0.0,70540.0,50.0,99.94329458463284,63.63636363636363,66.66666666666667,1.0,2.015154464525421,0.0,0.0,0.0,100.0,0.0,0.0,0.0,0.0,0.0,0.0,0.0,0.0,0.0,0.0,0.0,0,0,0,0,0,0,0,0.0,0.0,0.0,0.0,0.0,0.0,0.0,0.0,0.0,0.0,0.0
143948626,005930,70500.0,9217641,0.0,70520.0,50.0,99.97163925127623,63.63636363636363,63.63636363636363,1.0,1.8519142240638342,0.0,0.0,0.0,0.0,0.0,0.0,0.0,0.0,0.0,0.0,0.0,0.0,0.0,0.0,0.0,0,0,0,0,0,0,0,0.0,0.0,0.0,0.0,0.0,0.0,0.0,0.0,0.0,0.0,0.0
143948627,005930,70600.0,9217645,0.0,70540.0,50.0,100.08505812305076,72.72727272727273,66.66666666666667,1.0,1.7311807732542366,9217645.0,0.0,0.0,100.0,0.14184397163120568,0.0,0.0,0.0,0.0,0.0,0.0,0.0,0.0,0.0,0.0,0,0,0,0,0,0,0,0.0,0.0,0.0,0.0,0.0,0.0,0.0,0.0,0.0,0.0,0.0
143948830,005930,70600.0,9217725,0.0,70540.0,50.0,100.08505812305076,72.72727272727273,69.6969696969697,1.0,1.8240908277992331,0.0,0.0,0.0,-100.0,0.14184397163120568,0.0,0.0,0.0,0.0,0.0,0.0,0.0,0.0,0.0,0.0,0,0,0,0,0,0,0,0.0,0.0,0.0,0.0,0.0,0.0,0.0,0.0,0.0,0.0,0.0
143949018,005930,70600.0,9217744,0.0,70560.0,57.142857142857146,100.05668934240364,72.72727272727273,72.72727272727273,1.0,1.7512212589233753,0.0,0.0,0.0,0.0,0.14184397163120568,0.0,0.0,0.0,0.0,0.0,0.0,0.0,0.0,0.0,0.0,0,0,0,0,0,0,0,0.0,0.0,0.0,0.0,0.0,0.0,0.0,0.0,0.0,0.0,0.0
143949234,005930,70500.0,9217748,0.0,70560.0,50.0,99.91496598639455,63.63636363636363,69.6969696969697,1.0,1.6560544953731469,-9217748.0,0.0,0.0,-100.0,0.0,0.0,0.0,0.0,0.0,0.0,0.0,0.0,0.0,0.0,0.0,0,0,0,0,0,0,0,0.0,0.0,0.0,0.0,0.0,0.0,0.0,0.0,0.0,0.0,0.0
143950025,005930,70500.0,9217948,0.0,70560.0,50.0,99.91496598639455,63.63636363636363,66.66666666666667,1.0,2.018291820490579,0.0,0.0,0.0,100.0,-0.141643059490085,0.0,0.0,0.0,0.0,0.0,0.0,0.0,0.0,0.0,0.0,0,0,0,0,0,0,0,0.0,0.0,0.0,0.0,0.0,0.0,0.0,0.0,0.0,0.0,0.0
143950320,005930,70600.0,9217950,0.0,70560.0,50.0,100.05668934240364,72.72727272727273,66.66666666666667,1.0,1.8832527934494443,9217950.0,0.0,0.0,100.0,0.14184397163120568,0.0,0.0,0.0,0.0,0.0,0.0,0.0,0.0,0.0,0.0,0,0,0,0,0,0,0,0.0,0.0,0.0,0.0,0.0,0.0,0.0,0.0,0.0,0.0,0.0
143950321,005930,70500.0,9218125,0.0,70540.0,50.0,99.94329458463284,63.63636363636363,66.66666666666667,1.0,2.1219740779135585,-9218125.0,0.0,0.0,-200.0,0.0,0.0,0.0,0.0,0.0,0.0,0.0,0.0,0.0,0.0,0.0,0,0,0,0,0,0,0,0.0,0.0,0.0,0.0,0.0,0.0,0.0,0.0,0.0,0.0,0.0
143950833,005930,70500.0,9218126,0.0,70520.0,50.0,99.97163925127623,63.63636363636363,66.66666666666667,1.0,1.9744769573681655,0.0,0.0,0.0,100.0,0.0,0.0,0.0,0.0,0.0,0.0,0.0,0.0,0.0,0.0,0.0,0,0,0,0,0,0,0,0.0,0.0,0.0,0.0,0.0,0.0,0.0,0.0,0.0,0.0,0.0
143951220,005930,70600.0,9218194,0.0,70540.0,50.0,100.08505812305076,72.72727272727273,66.66666666666667,1.0,1.9786462104328388,9218194.0,0.0,0.0,100.0,0.14184397163120568,0.0,0.0,0.0,0.0,0.0,0.0,0.0,0.0,0.0,0.0,0,0,0,0,0,0,0,0.0,0.0,0.0,0.0,0.0,0.0,0.0,0.0,0.0,0.0,0.0
143952030,005930,70600.0,9218347,0.0,70560.0,57.142857142857146,100.05668934240364,72.72727272727273,69.6969696969697,1.0,2.128264931491923,0.0,0.0,0.0,-100.0,0.14184397163120568,0.0,0.0,0.0,0.0,0.0,0.0,0.0,0.0,0.0,0.0,0,0,0,0,0,0,0,0.0,0.0,0.0,0.0,0.0,0.0,0.0,0.0,0.0,0.0,0.0
143952418,005930,70600.0,9218352,0.0,70560.0,50.0,100.05668934240364,72.72727272727273,72.72727272727273,1.0,1.996901026867024,0.0,0.0,0.0,0.0,0.0,0.0,0.0,0.0,0.0,0.0,0.0,0.0,0.0,0.0,0.0,0,0,0,0,0,0,0,0.0,0.0,0.0,0.0,0.0,0.0,0.0,0.0,0.0,0.0,0.0
143952825,005930,70500.0,9218450,0.0,70560.0,50.0,99.91496598639455,63.63636363636363,69.6969696969697,1.0,2.0397201943203114,-9218450.0,0.0,0.0,-100.0,-0.141643059490085,0.0,0.0,0.0,0.0,0.0,0.0,0.0,0.0,0.0,0.0,0,0,0,0,0,0,0,0.0,0.0,0.0,0.0,0.0,0.0,0.0,0.0,0.0,0.0,0.0
143953232,005930,70600.0,9218460,0.0,70580.0,57.142857142857146,100.02833663927457,72.72727272727273,69.6969696969697,1.0,1.9353727191904144,9218460.0,0.0,0.0,200.0,0.0,0.0,0.0,0.0,0.0,0.0,0.0,0.0,0.0,0.0,0.0,0,0,0,0,0,0,0,0.0,0.0,0.0,0.0,0.0,0.0,0.0,0.0,0.0,0.0,0.0
143953233,005930,70600.0,9218479,0.0,70580.0,57.142857142857146,100.02833663927457,72.72727272727273,69.6969696969697,1.0,1.8615064016916534,0.0,0.0,0.0,-100.0,0.0,0.0,0.0,0.0,0.0,0.0,0.0,0.0,0.0,0.0,0.0,0,0,0,0,0,0,0,0.0,0.0,0.0,0.0,0.0,0.0,0.0,0.0,0.0,0.0,0.0
143953620,005930,70500.0,9218509,0.0,70560.0,42.857142857142854,99.91496598639455,63.63636363636363,69.6969696969697,1.0,1.815063585882584,-9218509.0,0.0,0.0,-100.0,-0.141643059490085,0.0,0.0,0.0,0.0,0.0,0.0,0.0,0.0,0.0,0.0,0,0,0,0,0,0,0,0.0,0.0,0.0,0.0,0.0,0.0,0.0,0.0,0.0,0.0,0.0
143953927,005930,70500.0,9218528,0.0,70540.0,42.857142857142854,99.94329458463284,63.63636363636363,66.66666666666667,1.0,1.7588053767672946,0.0,0.0,0.0,100.0,0.0,0.0,0.0,0.0,0.0,0.0,0.0,0.0,0.0,0.0,0.0,0,0,0,0,0,0,0,0.0,0.0,0.0,0.0,0.0,0.0,0.0,0.0,0.0,0.0,0.0
143954022,005930,70500.0,9218624,0.0,70540.0,42.857142857142854,99.94329458463284,63.63636363636363,63.63636363636363,1.0,1.8209555985629702,0.0,0.0,0.0,0.0,0.0,0.0,0.0,0.0,0.0,0.0,0.0,0.0,0.0,0.0,0.0,0,0,0,0,0,0,0,0.0,0.0,0.0,0.0,0.0,0.0,0.0,0.0,0.0,0.0,0.0
143954429,005930,70600.0,9218633,0.0,70540.0,57.142857142857146,100.08505812305076,72.72727272727273,66.66666666666667,1.0,1.7521376134904065,9218633.0,0.0,0.0,100.0,0.0,0.0,0.0,0.0,0.0,0.0,0.0,0.0,0.0,0.0,0.0,0,0,0,0,0,0,0,0.0,0.0,0.0,0.0,0.0,0.0,0.0,0.0,0.0,0.0,0.0
143954522,005930,70500.0,9218690,0.0,70520.0,50.0,99.97163925127623,63.63636363636363,66.66666666666667,1.0,1.7582912130515613,-9218690.0,0.0,0.0,-200.0,-0.141643059490085,0.0,0.0,0.0,0.0,0.0,0.0,0.0,0.0,0.0,0.0,0,0,0,0,0,0,0,0.0,0.0,0.0,0.0,0.0,0.0,0.0,0.0,0.0,0.0,0.0
143954928,005930,70600.0,9218727,0.0,70540.0,50.0,100.08505812305076,72.72727272727273,69.6969696969697,1.0,1.7365655482008044,9218727.0,0.0,0.0,200.0,0.14184397163120568,0.0,0.0,0.0,0.0,0.0,0.0,0.0,0.0,0.0,0.0,0,0,0,0,0,0,0,0.0,0.0,0.0,0.0,0.0,0.0,0.0,0.0,0.0,0.0,0.0
143957117,005930,70500.0,9218814,0.0,70540.0,50.0,99.94329458463284,63.63636363636363,66.66666666666667,1.0,1.7835349574416024,-9218814.0,0.0,0.0,-200.0,-0.141643059490085,0.0,0.0,0.0,0.0,0.0,0.0,0.0,0.0,0.0,0.0,0,0,0,0,0,0,0,0.0,0.0,0.0,0.0,0.0,0.0,0.0,0.0,0.0,0.0,0.0
143957381,005930,70500.0,9218948,0.0,70540.0,50.0,99.94329458463284,63.63636363636363,66.66666666666667,1.0,1.8843793801581217,0.0,0.0,0.0,100.0,-0.141643059490085,0.0,0.0,0.0,0.0,0.0,0.0,0.0,0.0,0.0,0.0,0,0,0,0,0,0,0,0.0,0.0,0.0,0.0,0.0,0.0,0.0,0.0,0.0,0.0,0.0
143957518,005930,70600.0,9218952,0.0,70540.0,50.0,100.08505812305076,72.72727272727273,66.66666666666667,1.0,1.8090796715253925,9218952.0,0.0,0.0,100.0,0.0,0.0,0.0,0.0,0.0,0.0,0.0,0.0,0.0,0.0,0.0,0,0,0,0,0,0,0,0.0,0.0,0.0,0.0,0.0,0.0,0.0,0.0,0.0,0.0,0.0
143958032,005930,70600.0,9218954,0.0,70560.0,50.0,100.05668934240364,72.72727272727273,69.6969696969697,1.0,1.740220960104689,0.0,0.0,0.0,-100.0,0.0,0.0,0.0,0.0,0.0,0.0,0.0,0.0,0.0,0.0,0.0,0,0,0,0,0,0,0,0.0,0.0,0.0,0.0,0.0,0.0,0.0,0.0,0.0,0.0,0.0
143958327,005930,70500.0,9218958,0.0,70540.0,44.44444444444444,99.94329458463284,63.63636363636363,69.6969696969697,1.0,1.6813752187168263,-9218958.0,0.0,0.0,-100.0,0.0,0.0,0.0,0.0,0.0,0.0,0.0,0.0,0.0,0.0,0.0,0,0,0,0,0,0,0,0.0,0.0,0.0,0.0,0.0,0.0,0.0,0.0,0.0,0.0,0.0
143959526,005930,70500.0,9218995,0.0,70540.0,50.0,99.94329458463284,63.63636363636363,66.66666666666667,1.0,1.668321434833375,0.0,0.0,0.0,100.0,0.0,0.0,0.0,0.0,0.0,0.0,0.0,0.0,0.0,0.0,0.0,0,0,0,0,0,0,0,0.0,0.0,0.0,0.0,0.0,0.0,0.0,0.0,0.0,0.0,0.0
143959527,005930,70500.0,9218999,0.0,70540.0,42.857142857142854,99.94329458463284,63.63636363636363,63.63636363636363,1.0,1.6175350763221525,0.0,0.0,0.0,0.0,0.0,0.0,0.0,0.0,0.0,0.0,0.0,0.0,0.0,0.0,0.0,0,0,0,0,0,0,0,0.0,0.0,0.0,0.0,0.0,0.0,0.0,0.0,0.0,0.0,0.0
144000319,005930,70550.0,9219008,0.0,70530.0,46.666666666666664,100.02835672763364,68.18181818181817,65.15151515151514,1.0,1.5774305258966614,9219008.0,0.0,0.0,50.0,0.07092198581560284,0.0,0.0,0.0,0.0,0.0,0.0,0.0,0.0,0.0,0.0,0,0,0,0,0,0,0,0.0,0.0,0.0,0.0,0.0,0.0,0.0,0.0,0.0,0.0,0.0
144001225,005930,70500.0,9219035,0.0,70510.0,50.0,99.98581761452276,63.63636363636363,65.15151515151514,1.0,1.5619159826818454,-9219035.0,0.0,0.0,-100.0,0.0,0.0,0.0,0.0,0.0,0.0,0.0,0.0,0.0,0.0,0.0,0,0,0,0,0,0,0,0.0,0.0,0.0,0.0,0.0,0.0,0.0,0.0,0.0,0.0,0.0
144001428,005930,70550.0,9219040,0.0,70520.0,53.33333333333334,100.04254112308566,68.18181818181817,66.66666666666667,1.0,1.5225849326933258,9219040.0,0.0,0.0,100.0,0.0,0.0,0.0,0.0,0.0,0.0,0.0,0.0,0.0,0.0,0.0,0,0,0,0,0,0,0,0.0,0.0,0.0,0.0,0.0,0.0,0.0,0.0,0.0,0.0,0.0
144001725,005930,70550.0,9219045,0.0,70530.0,53.33333333333334,100.02835672763364,68.18181818181817,66.66666666666667,1.0,1.48653265404651,0.0,0.0,0.0,-50.0,0.0,0.0,0.0,0.0,0.0,0.0,0.0,0.0,0.0,0.0,0.0,0,0,0,0,0,0,0,0.0,0.0,0.0,0.0,0.0,0.0,0.0,0.0,0.0,0.0,0.0
144002425,005930,70500.0,9219048,0.0,70530.0,42.857142857142854,99.95746490854955,63.63636363636363,66.66666666666666,1.0,1.4510820141994036,-9219048.0,0.0,0.0,-50.0,0.0,0.0,0.0,0.0,0.0,0.0,0.0,0.0,0.0,0.0,0.0,0,0,0,0,0,0,0,0.0,0.0,0.0,0.0,0.0,0.0,0.0,0.0,0.0,0.0,0.0
144002627,005930,70550.0,9219051,0.0,70530.0,53.846153846153854,100.02835672763364,68.18181818181817,66.66666666666667,1.0,1.4183107822350225,9219051.0,0.0,0.0,100.0,0.0,0.0,0.0,0.0,0.0,0.0,0.0,0.0,0.0,0.0,0.0,0,0,0,0,0,0,0,0.0,0.0,0.0,0.0,0.0,0.0,0.0,0.0,0.0,0.0,0.0
144002721,005930,70550.0,9219052,0.0,70540.0,45.45454545454546,100.0141763538418,68.18181818181817,66.66666666666667,1.0,1.3856668906669367,0.0,0.0,0.0,-50.0,0.0,0.0,0.0,0.0,0.0,0.0,0.0,0.0,0.0,0.0,0.0,0,0,0,0,0,0,0,0.0,0.0,0.0,0.0,0.0,0.0,0.0,0.0,0.0,0.0,0.0
144002922,005930,70550.0,9219059,0.0,70540.0,55.55555555555556,100.0141763538418,68.18181818181817,68.18181818181817,1.0,1.361960900164364,0.0,0.0,0.0,0.0,0.0,0.0,0.0,0.0,0.0,0.0,0.0,0.0,0.0,0.0,0.0,0,0,0,0,0,0,0,0.0,0.0,0.0,0.0,0.0,0.0,0.0,0.0,0.0,0.0,0.0
144002924,005930,70600.0,9219109,0.0,70550.0,60.0,100.07087172218286,72.72727272727273,69.69696969696969,1.0,1.3875801420246092,9219109.0,0.0,0.0,50.0,0.07087172218284904,0.0,0.0,0.0,0.0,0.0,0.0,0.0,0.0,0.0,0.0,0,0,0,0,0,0,0,0.0,0.0,0.0,0.0,0.0,0.0,0.0,0.0,0.0,0.0,0.0
144003420,005930,70500.0,9219135,0.0,70550.0,40.0,99.92912827781714,63.63636363636363,68.18181818181817,1.0,1.3855412152574464,-9219135.0,0.0,0.0,-150.0,-0.07087172218284904,0.0,0.0,0.0,0.0,0.0,0.0,0.0,0.0,0.0,0.0,0,0,0,0,0,0,0,0.0,0.0,0.0,0.0,0.0,0.0,0.0,0.0,0.0,0.0,0.0
144003624,005930,70500.0,9219162,0.0,70540.0,40.0,99.94329458463284,63.63636363636363,66.66666666666667,1.0,1.384965271300401,0.0,0.0,0.0,100.0,0.0,0.0,0.0,0.0,0.0,0.0,0.0,0.0,0.0,0.0,0.0,0,0,0,0,0,0,0,0.0,0.0,0.0,0.0,0.0,0.0,0.0,0.0,0.0,0.0,0.0
144003624,005930,70600.0,9219238,0.0,70550.0,60.0,100.07087172218286,72.72727272727273,66.66666666666667,1.0,1.4377691320881816,9219238.0,0.0,0.0,100.0,0.14184397163120568,0.0,0.0,0.0,0.0,0.0,0.0,0.0,0.0,0.0,0.0,0,0,0,0,0,0,0,0.0,0.0,0.0,0.0,0.0,0.0,0.0,0.0,0.0,0.0,0.0
144003917,005930,70500.0,9219263,0.0,70540.0,50.0,99.94329458463284,63.63636363636363,66.66666666666667,1.0,1.4328222002786666,-9219263.0,0.0,0.0,-200.0,-0.07087172218284904,0.0,0.0,0.0,0.0,0.0,0.0,0.0,0.0,0.0,0.0,0,0,0,0,0,0,0,0.0,0.0,0.0,0.0,0.0,0.0,0.0,0.0,0.0,0.0,0.0
144003918,005930,70600.0,9219267,0.0,70540.0,57.142857142857146,100.08505812305076,72.72727272727273,69.6969696969697,1.0,1.405974350436344,9219267.0,0.0,0.0,200.0,0.07087172218284904,0.0,0.0,0.0,0.0,0.0,0.0,0.0,0.0,0.0,0.0,0,0,0,0,0,0,0,0.0,0.0,0.0,0.0,0.0,0.0,0.0,0.0,0.0,0.0,0.0
144004319,005930,70500.0,9219324,0.0,70540.0,46.666666666666664,99.94329458463284,63.63636363636363,66.66666666666667,1.0,1.4370602300960293,-9219324.0,0.0,0.0,-200.0,-0.141643059490085,0.0,0.0,0.0,0.0,0.0,0.0,0.0,0.0,0.0,0.0,0,0,0,0,0,0,0,0.0,0.0,0.0,0.0,0.0,0.0,0.0,0.0,0.0,0.0,0.0
144005420,005930,70600.0,9219328,0.0,70560.0,56.25,100.05668934240364,72.72727272727273,69.6969696969697,1.0,1.4108064617002098,9219328.0,0.0,0.0,200.0,0.14184397163120568,0.0,0.0,0.0,0.0,0.0,0.0,0.0,0.0,0.0,0.0,0,0,0,0,0,0,0,0.0,0.0,0.0,0.0,0.0,0.0,0.0,0.0,0.0,0.0,0.0
144005917,005930,70600.0,9219330,0.0,70560.0,53.33333333333334,100.05668934240364,72.72727272727273,69.6969696969697,1.0,1.3840984653869532,0.0,0.0,0.0,-100.0,0.14184397163120568,0.0,0.0,0.0,0.0,0.0,0.0,0.0,0.0,0.0,0.0,0,0,0,0,0,0,0,0.0,0.0,0.0,0.0,0.0,0.0,0.0,0.0,0.0,0.0,0.0
144006117,005930,70600.0,9219332,0.0,70580.0,53.33333333333334,100.02833663927457,72.72727272727273,72.72727272727273,1.0,1.3589824604874636,0.0,0.0,0.0,0.0,0.14184397163120568,0.0,0.0,0.0,0.0,0.0,0.0,0.0,0.0,0.0,0.0,0,0,0,0,0,0,0,0.0,0.0,0.0,0.0,0.0,0.0,0.0,0.0,0.0,0.0,0.0
144006938,005930,70500.0,9219551,0.0,70560.0,50.0,99.91496598639455,63.63636363636363,69.6969696969697,1.0,1.5591921231040236,-9219551.0,0.0,0.0,-100.0,-0.141643059490085,0.0,0.0,0.0,0.0,0.0,0.0,0.0,0.0,0.0,0.0,0,0,0,0,0,0,0,0.0,0.0,0.0,0.0,0.0,0.0,0.0,0.0,0.0,0.0,0.0
144007931,005930,70550.0,9219556,0.0,70570.0,50.0,99.97165934533088,68.18181818181817,68.18181818181819,1.0,1.5293410901513278,9219556.0,0.0,0.0,150.0,-0.0708215297450425,0.0,0.0,0.0,0.0,0.0,0.0,0.0,0.0,0.0,0.0,0,0,0,0,0,0,0,0.0,0.0,0.0,0.0,0.0,0.0,0.0,0.0,0.0,0.0,0.0
144010931,005930,70550.0,9219854,0.0,70560.0,50.0,99.9858276643991,68.18181818181817,66.66666666666667,1.0,1.7944996690432957,0.0,0.0,0.0,-50.0,0.0,0.0,0.0,0.0,0.0,0.0,0.0,0.0,0.0,0.0,0.0,0,0,0,0,0,0,0,0.0,0.0,0.0,0.0,0.0,0.0,0.0,0.0,0.0,0.0,0.0
144010932,005930,70600.0,9221526,0.0,70560.0,52.94117647058823,100.05668934240364,72.72727272727273,69.69696969696969,1.0,3.2670283550681,9221526.0,0.0,0.0,50.0,0.07087172218284904,0.0,0.0,0.0,0.0,0.0,0.0,0.0,0.0,0.0,0.0,0,0,0,0,0,0,0,0.0,0.0,0.0,0.0,0.0,0.0,0.0,0.0,0.0,0.0,0.0
144010933,005930,70600.0,9221531,0.0,70560.0,50.0,100.05668934240364,72.72727272727273,71.2121212121212,1.0,3.0484054360010777,0.0,0.0,0.0,-50.0,0.07087172218284904,0.0,0.0,0.0,0.0,0.0,0.0,0.0,0.0,0.0,0.0,0,0,0,0,0,0,0,0.0,0.0,0.0,0.0,0.0,0.0,0.0,0.0,0.0,0.0,0.0
144012721,005930,70600.0,9221540,0.0,70580.0,57.142857142857146,100.02833663927457,72.72727272727273,72.72727272727273,1.0,2.872200417801269,0.0,0.0,0.0,0.0,0.0,0.0,0.0,0.0,0.0,0.0,0.0,0.0,0.0,0.0,0.0,0,0,0,0,0,0,0,0.0,0.0,0.0,0.0,0.0,0.0,0.0,0.0,0.0,0.0,0.0
144013232,005930,70600.0,9221550,0.0,70590.0,57.142857142857146,100.01416631250886,72.72727272727273,72.72727272727273,1.0,2.725047555487424,0.0,0.0,0.0,0.0,0.0,0.0,0.0,0.0,0.0,0.0,0.0,0.0,0.0,0.0,0.0,0,0,0,0,0,0,0,0.0,0.0,0.0,0.0,0.0,0.0,0.0,0.0,0.0,0.0,0.0
144013324,005930,70500.0,9221555,0.0,70580.0,42.857142857142854,99.88665344290168,63.63636363636363,69.6969696969697,1.0,2.595631586344208,-9221555.0,0.0,0.0,-100.0,-0.141643059490085,0.0,0.0,0.0,0.0,0.0,0.0,0.0,0.0,0.0,0.0,0,0,0,0,0,0,0,0.0,0.0,0.0,0.0,0.0,0.0,0.0,0.0,0.0,0.0,0.0
144013620,005930,70600.0,9221561,0.0,70580.0,57.142857142857146,100.02833663927457,72.72727272727273,69.6969696969697,1.0,2.4841815257735624,9221561.0,0.0,0.0,200.0,0.0,0.0,0.0,0.0,0.0,0.0,0.0,0.0,0.0,0.0,0.0,0,0,0,0,0,0,0,0.0,0.0,0.0,0.0,0.0,0.0,0.0,0.0,0.0,0.0,0.0
144014132,005930,70500.0,9221593,0.0,70560.0,42.857142857142854,99.91496598639455,63.63636363636363,66.66666666666667,1.0,2.4045573179298403,-9221593.0,0.0,0.0,-200.0,-0.141643059490085,0.0,0.0,0.0,0.0,0.0,0.0,0.0,0.0,0.0,0.0,0,0,0,0,0,0,0,0.0,0.0,0.0,0.0,0.0,0.0,0.0,0.0,0.0,0.0,0.0
144014316,005930,70500.0,9221650,0.0,70540.0,50.0,99.94329458463284,63.63636363636363,66.66666666666667,1.0,2.3508617689989,0.0,0.0,0.0,100.0,-0.141643059490085,0.0,0.0,0.0,0.0,0.0,0.0,0.0,0.0,0.0,0.0,0,0,0,0,0,0,0,0.0,0.0,0.0,0.0,0.0,0.0,0.0,0.0,0.0,0.0,0.0
144016728,005930,70600.0,9221653,0.0,70540.0,50.0,100.08505812305076,72.72727272727273,66.66666666666667,1.0,2.266537812681448,9221653.0,0.0,0.0,100.0,0.14184397163120568,0.0,0.0,0.0,0.0,0.0,0.0,0.0,0.0,0.0,0.0,0,0,0,0,0,0,0,0.0,0.0,0.0,0.0,0.0,0.0,0.0,0.0,0.0,0.0,0.0
144017319,005930,70600.0,9221658,0.0,70560.0,50.0,100.05668934240364,72.72727272727273,69.6969696969697,1.0,2.1921737970647035,0.0,0.0,0.0,-100.0,0.14184397163120568,0.0,0.0,0.0,0.0,0.0,0.0,0.0,0.0,0.0,0.0,0,0,0,0,0,0,0,0.0,0.0,0.0,0.0,0.0,0.0,0.0,0.0,0.0,0.0,0.0
144017320,005930,70600.0,9221662,0.0,70560.0,50.0,100.05668934240364,72.72727272727273,72.72727272727273,1.0,2.1243079760763224,0.0,0.0,0.0,0.0,0.14184397163120568,0.0,0.0,0.0,0.0,0.0,0.0,0.0,0.0,0.0,0.0,0,0,0,0,0,0,0,0.0,0.0,0.0,0.0,0.0,0.0,0.0,0.0,0.0,0.0,0.0
144017632,005930,70600.0,9221732,0.0,70580.0,60.0,100.02833663927457,72.72727272727273,72.72727272727273,1.0,2.1044430501609654,0.0,0.0,0.0,0.0,0.14184397163120568,0.0,0.0,0.0,0.0,0.0,0.0,0.0,0.0,0.0,0.0,0,0,0,0,0,0,0,0.0,0.0,0.0,0.0,0.0,0.0,0.0,0.0,0.0,0.0,0.0
144018021,005930,70500.0,9221760,0.0,70580.0,45.45454545454546,99.88665344290168,63.63636363636363,69.6969696969697,1.0,2.059846568098218,-9221760.0,0.0,0.0,-100.0,-0.141643059490085,0.0,0.0,0.0,0.0,0.0,0.0,0.0,0.0,0.0,0.0,0,0,0,0,0,0,0,0.0,0.0,0.0,0.0,0.0,0.0,0.0,0.0,0.0,0.0,0.0
144018222,005930,70500.0,9221786,0.0,70560.0,45.45454545454546,99.91496598639455,63.63636363636363,66.66666666666667,1.0,2.017696199320118,0.0,0.0,0.0,100.0,-0.141643059490085,0.0,0.0,0.0,0.0,0.0,0.0,0.0,0.0,0.0,0.0,0,0,0,0,0,0,0,0.0,0.0,0.0,0.0,0.0,0.0,0.0,0.0,0.0,0.0,0.0
144018830,005930,70600.0,9221792,0.0,70560.0,50.0,100.05668934240364,72.72727272727273,66.66666666666667,1.0,1.9667806598261568,9221792.0,0.0,0.0,100.0,0.0,0.0,0.0,0.0,0.0,0.0,0.0,0.0,0.0,0.0,0.0,0,0,0,0,0,0,0,0.0,0.0,0.0,0.0,0.0,0.0,0.0,0.0,0.0,0.0,0.0
144019124,005930,70600.0,9221982,0.0,70560.0,50.0,100.05668934240364,72.72727272727273,69.6969696969697,1.0,2.0294167655014532,0.0,0.0,0.0,-100.0,0.14184397163120568,0.0,0.0,0.0,0.0,0.0,0.0,0.0,0.0,0.0,0.0,0,0,0,0,0,0,0,0.0,0.0,0.0,0.0,0.0,0.0,0.0,0.0,0.0,0.0,0.0
144020836,005930,70500.0,9221985,0.0,70540.0,42.857142857142854,99.94329458463284,63.63636363636363,69.6969696969697,1.0,1.976971182509678,-9221985.0,0.0,0.0,-100.0,-0.141643059490085,0.0,0.0,0.0,0.0,0.0,0.0,0.0,0.0,0.0,0.0,0,0,0,0,0,0,0,0.0,0.0,0.0,0.0,0.0,0.0,0.0,0.0,0.0,0.0,0.0
144021225,005930,70600.0,9221986,0.0,70560.0,50.0,100.05668934240364,72.72727272727273,69.6969696969697,1.0,1.9273571916951984,9221986.0,0.0,0.0,200.0,0.0,0.0,0.0,0.0,0.0,0.0,0.0,0.0,0.0,0.0,0.0,0,0,0,0,0,0,0,0.0,0.0,0.0,0.0,0.0,0.0,0.0,0.0,0.0,0.0,0.0
144021226,005930,70600.0,9221998,0.0,70580.0,57.142857142857146,100.02833663927457,72.72727272727273,69.6969696969697,1.0,1.8876315179572323,0.0,0.0,0.0,-100.0,0.0,0.0,0.0,0.0,0.0,0.0,0.0,0.0,0.0,0.0,0.0,0,0,0,0,0,0,0,0.0,0.0,0.0,0.0,0.0,0.0,0.0,0.0,0.0,0.0,0.0
144022328,005930,70600.0,9222065,0.0,70580.0,50.0,100.02833663927457,72.72727272727273,72.72727272727273,1.0,1.881730501457793,0.0,0.0,0.0,0.0,0.0,0.0,0.0,0.0,0.0,0.0,0.0,0.0,0.0,0.0,0.0,0,0,0,0,0,0,0,0.0,0.0,0.0,0.0,0.0,0.0,0.0,0.0,0.0,0.0,0.0
144022933,005930,70500.0,9222066,0.0,70560.0,50.0,99.91496598639455,63.63636363636363,69.6969696969697,1.0,1.8393041116580604,-9222066.0,0.0,0.0,-100.0,-0.141643059490085,0.0,0.0,0.0,0.0,0.0,0.0,0.0,0.0,0.0,0.0,0,0,0,0,0,0,0,0.0,0.0,0.0,0.0,0.0,0.0,0.0,0.0,0.0,0.0,0.0
144023523,005930,70500.0,9222082,0.0,70560.0,50.0,99.91496598639455,63.63636363636363,66.66666666666667,1.0,1.8079533839772466,0.0,0.0,0.0,100.0,-0.141643059490085,0.0,0.0,0.0,0.0,0.0,0.0,0.0,0.0,0.0,0.0,0,0,0,0,0,0,0,0.0,0.0,0.0,0.0,0.0,0.0,0.0,0.0,0.0,0.0,0.0
144023725,005930,70500.0,9222137,0.0,70540.0,40.0,99.94329458463284,63.63636363636363,63.63636363636363,1.0,1.7999183254796487,0.0,0.0,0.0,0.0,-0.141643059490085,0.0,0.0,0.0,0.0,0.0,0.0,0.0,0.0,0.0,0.0,0,0,0,0,0,0,0,0.0,0.0,0.0,0.0,0.0,0.0,0.0,0.0,0.0,0.0,0.0
144024023,005930,70600.0,9222138,0.0,70540.0,50.0,100.08505812305076,72.72727272727273,66.66666666666667,1.0,1.7631144469776274,9222138.0,0.0,0.0,100.0,0.14184397163120568,0.0,0.0,0.0,0.0,0.0,0.0,0.0,0.0,0.0,0.0,0,0,0,0,0,0,0,0.0,0.0,0.0,0.0,0.0,0.0,0.0,0.0,0.0,0.0,0.0
144024522,005930,70500.0,9222226,0.0,70520.0,42.857142857142854,99.97163925127623,63.63636363636363,66.66666666666667,1.0,1.775191953305775,-9222226.0,0.0,0.0,-200.0,0.0,0.0,0.0,0.0,0.0,0.0,0.0,0.0,0.0,0.0,0.0,0,0,0,0,0,0,0,0.0,0.0,0.0,0.0,0.0,0.0,0.0,0.0,0.0,0.0,0.0
144024523,005930,70500.0,9222255,0.0,70520.0,42.857142857142854,99.97163925127623,63.63636363636363,66.66666666666667,1.0,1.7551984065332666,0.0,0.0,0.0,100.0,0.0,0.0,0.0,0.0,0.0,0.0,0.0,0.0,0.0,0.0,0.0,0,0,0,0,0,0,0,0.0,0.0,0.0,0.0,0.0,0.0,0.0,0.0,0.0,0.0,0.0
144025221,005930,70500.0,9222257,0.0,70520.0,50.0,99.97163925127623,63.63636363636363,63.63636363636363,1.0,1.7221607307428377,0.0,0.0,0.0,0.0,-0.141643059490085,0.0,0.0,0.0,0.0,0.0,0.0,0.0,0.0,0.0,0.0,0,0,0,0,0,0,0,0.0,0.0,0.0,0.0,0.0,0.0,0.0,0.0,0.0,0.0,0.0
144025222,005930,70500.0,9222259,0.0,70520.0,50.0,99.97163925127623,63.63636363636363,63.63636363636363,1.0,1.6909787746448226,0.0,0.0,0.0,0.0,-0.141643059490085,0.0,0.0,0.0,0.0,0.0,0.0,0.0,0.0,0.0,0.0,0,0,0,0,0,0,0,0.0,0.0,0.0,0.0,0.0,0.0,0.0,0.0,0.0,0.0,0.0
144025532,005930,70600.0,9222262,0.0,70520.0,50.0,100.11344299489507,72.72727272727273,66.66666666666667,1.0,1.662005710366705,9222262.0,0.0,0.0,100.0,0.14184397163120568,0.0,0.0,0.0,0.0,0.0,0.0,0.0,0.0,0.0,0.0,0,0,0,0,0,0,0,0.0,0.0,0.0,0.0,0.0,0.0,0.0,0.0,0.0,0.0,0.0
144025920,005930,70500.0,9222276,0.0,70520.0,42.857142857142854,99.97163925127623,63.63636363636363,66.66666666666667,1.0,1.6402158839403636,-9222276.0,0.0,0.0,-200.0,0.0,0.0,0.0,0.0,0.0,0.0,0.0,0.0,0.0,0.0,0.0,0,0,0,0,0,0,0,0.0,0.0,0.0,0.0,0.0,0.0,0.0,0.0,0.0,0.0,0.0
144026324,005930,70550.0,9222278,0.0,70530.0,53.846153846153854,100.02835672763364,68.18181818181817,68.18181818181819,1.0,1.6134119262967206,9222278.0,0.0,0.0,150.0,0.07092198581560284,0.0,0.0,0.0,0.0,0.0,0.0,0.0,0.0,0.0,0.0,0,0,0,0,0,0,0,0.0,0.0,0.0,0.0,0.0,0.0,0.0,0.0,0.0,0.0,0.0
144026326,005930,70600.0,9222280,0.0,70550.0,50.0,100.07087172218286,72.72727272727273,68.18181818181819,1.0,1.5879310849704318,9222280.0,0.0,0.0,0.0,0.14184397163120568,0.0,0.0,0.0,0.0,0.0,0.0,0.0,0.0,0.0,0.0,0,0,0,0,0,0,0,0.0,0.0,0.0,0.0,0.0,0.0,0.0,0.0,0.0,0.0,0.0
144026729,005930,70600.0,9222285,0.0,70570.0,50.0,100.04251098200368,72.72727272727273,71.2121212121212,1.0,1.5651857218130838,0.0,0.0,0.0,-50.0,0.0,0.0,0.0,0.0,0.0,0.0,0.0,0.0,0.0,0.0,0.0,0,0,0,0,0,0,0,0.0,0.0,0.0,0.0,0.0,0.0,0.0,0.0,0.0,0.0,0.0
144026822,005930,70500.0,9222286,0.0,70550.0,42.857142857142854,99.92912827781714,63.63636363636363,69.6969696969697,1.0,1.5414924176043983,-9222286.0,0.0,0.0,-100.0,-0.141643059490085,0.0,0.0,0.0,0.0,0.0,0.0,0.0,0.0,0.0,0.0,0,0,0,0,0,0,0,0.0,0.0,0.0,0.0,0.0,0.0,0.0,0.0,0.0,0.0,0.0
144026932,005930,70500.0,9222311,0.0,70550.0,50.0,99.92912827781714,63.63636363636363,66.66666666666667,1.0,1.5308643280308238,0.0,0.0,0.0,100.0,0.0,0.0,0.0,0.0,0.0,0.0,0.0,0.0,0.0,0.0,0.0,0,0,0,0,0,0,0,0.0,0.0,0.0,0.0,0.0,0.0,0.0,0.0,0.0,0.0,0.0
144027318,005930,70600.0,9222316,0.0,70560.0,57.142857142857146,100.05668934240364,72.72727272727273,66.66666666666667,1.0,1.5108023756752058,9222316.0,0.0,0.0,100.0,0.14184397163120568,0.0,0.0,0.0,0.0,0.0,0.0,0.0,0.0,0.0,0.0,0,0,0,0,0,0,0,0.0,0.0,0.0,0.0,0.0,0.0,0.0,0.0,0.0,0.0,0.0
144027631,005930,70500.0,9222317,0.0,70540.0,50.0,99.94329458463284,63.63636363636363,66.66666666666667,1.0,1.4896328497163729,-9222317.0,0.0,0.0,-200.0,-0.141643059490085,0.0,0.0,0.0,0.0,0.0,0.0,0.0,0.0,0.0,0.0,0,0,0,0,0,0,0,0.0,0.0,0.0,0.0,0.0,0.0,0.0,0.0,0.0,0.0,0.0
144028329,005930,70600.0,9222335,0.0,70540.0,50.0,100.08505812305076,72.72727272727273,69.6969696969697,1.0,1.4777254157861923,9222335.0,0.0,0.0,200.0,0.0,0.0,0.0,0.0,0.0,0.0,0.0,0.0,0.0,0.0,0.0,0,0,0,0,0,0,0,0.0,0.0,0.0,0.0,0.0,0.0,0.0,0.0,0.0,0.0,0.0
144028422,005930,70500.0,9222338,0.0,70540.0,50.0,99.94329458463284,63.63636363636363,66.66666666666667,1.0,1.4589848823539078,-9222338.0,0.0,0.0,-200.0,-0.141643059490085,0.0,0.0,0.0,0.0,0.0,0.0,0.0,0.0,0.0,0.0,0,0,0,0,0,0,0,0.0,0.0,0.0,0.0,0.0,0.0,0.0,0.0,0.0,0.0,0.0
144029230,005930,70500.0,9222339,0.0,70540.0,50.0,99.94329458463284,63.63636363636363,66.66666666666667,1.0,1.4400230655028285,0.0,0.0,0.0,100.0,0.0,0.0,0.0,0.0,0.0,0.0,0.0,0.0,0.0,0.0,0.0,0,0,0,0,0,0,0,0.0,0.0,0.0,0.0,0.0,0.0,0.0,0.0,0.0,0.0,0.0
144031223,005930,70550.0,9222340,0.0,70530.0,52.94117647058823,100.02835672763364,68.18181818181817,65.15151515151514,1.0,1.421802369607246,9222340.0,0.0,0.0,50.0,0.07092198581560284,0.0,0.0,0.0,0.0,0.0,0.0,0.0,0.0,0.0,0.0,0,0,0,0,0,0,0,0.0,0.0,0.0,0.0,0.0,0.0,0.0,0.0,0.0,0.0,0.0
144031830,005930,70550.0,9222356,0.0,70540.0,52.94117647058823,100.0141763538418,68.18181818181817,66.66666666666667,1.0,1.4115478701620836,0.0,0.0,0.0,-50.0,0.07092198581560284,0.0,0.0,0.0,0.0,0.0,0.0,0.0,0.0,0.0,0.0,0,0,0,0,0,0,0,0.0,0.0,0.0,0.0,0.0,0.0,0.0,0.0,0.0,0.0,0.0
144031830,005930,70600.0,9222418,0.0,70540.0,50.0,100.08505812305076,72.72727272727273,69.69696969696969,1.0,1.4239152086433073,9222418.0,0.0,0.0,50.0,0.14184397163120568,0.0,0.0,0.0,0.0,0.0,0.0,0.0,0.0,0.0,0.0,0,0,0,0,0,0,0,0.0,0.0,0.0,0.0,0.0,0.0,0.0,0.0,0.0,0.0,0.0
144032126,005930,70600.0,9222426,0.0,70560.0,57.142857142857146,100.05668934240364,72.72727272727273,71.2121212121212,1.0,1.4099866051494119,0.0,0.0,0.0,-50.0,0.14184397163120568,0.0,0.0,0.0,0.0,0.0,0.0,0.0,0.0,0.0,0.0,0,0,0,0,0,0,0,0.0,0.0,0.0,0.0,0.0,0.0,0.0,0.0,0.0,0.0,0.0
144032218,005930,70600.0,9222436,0.0,70580.0,53.846153846153854,100.02833663927457,72.72727272727273,72.72727272727273,1.0,1.3975438701128335,0.0,0.0,0.0,0.0,0.14184397163120568,0.0,0.0,0.0,0.0,0.0,0.0,0.0,0.0,0.0,0.0,0,0,0,0,0,0,0,0.0,0.0,0.0,0.0,0.0,0.0,0.0,0.0,0.0,0.0,0.0
144033216,005930,70600.0,9222440,0.0,70590.0,50.0,100.01416631250886,72.72727272727273,72.72727272727273,1.0,1.3827054856374812,0.0,0.0,0.0,0.0,0.0,0.0,0.0,0.0,0.0,0.0,0.0,0.0,0.0,0.0,0.0,0,0,0,0,0,0,0,0.0,0.0,0.0,0.0,0.0,0.0,0.0,0.0,0.0,0.0,0.0
144033824,005930,70500.0,9222446,0.0,70580.0,42.857142857142854,99.88665344290168,63.63636363636363,69.6969696969697,1.0,1.3693499000720009,-9222446.0,0.0,0.0,-100.0,-0.141643059490085,0.0,0.0,0.0,0.0,0.0,0.0,0.0,0.0,0.0,0.0,0,0,0,0,0,0,0,0.0,0.0,0.0,0.0,0.0,0.0,0.0,0.0,0.0,0.0,0.0
144034823,005930,70500.0,9222447,0.0,70560.0,50.0,99.91496598639455,63.63636363636363,66.66666666666667,1.0,1.354095442508414,0.0,0.0,0.0,100.0,-0.141643059490085,0.0,0.0,0.0,0.0,0.0,0.0,0.0,0.0,0.0,0.0,0,0,0,0,0,0,0,0.0,0.0,0.0,0.0,0.0,0.0,0.0,0.0,0.0,0.0,0.0
144035023,005930,70500.0,9222448,0.0,70540.0,50.0,99.94329458463284,63.63636363636363,63.63636363636363,1.0,1.339357419674583,0.0,0.0,0.0,0.0,0.0,0.0,0.0,0.0,0.0,0.0,0.0,0.0,0.0,0.0,0.0,0,0,0,0,0,0,0,0.0,0.0,0.0,0.0,0.0,0.0,0.0,0.0,0.0,0.0,0.0
144035225,005930,70500.0,9222475,0.0,70520.0,40.0,99.97163925127623,63.63636363636363,63.63636363636363,1.0,1.3373780964016653,0.0,0.0,0.0,0.0,0.0,0.0,0.0,0.0,0.0,0.0,0.0,0.0,0.0,0.0,0.0,0,0,0,0,0,0,0,0.0,0.0,0.0,0.0,0.0,0.0,0.0,0.0,0.0,0.0,0.0
144035521,005930,70600.0,9222477,0.0,70520.0,60.0,100.11344299489507,72.72727272727273,66.66666666666667,1.0,1.3237614129983153,9222477.0,0.0,0.0,100.0,0.14184397163120568,0.0,0.0,0.0,0.0,0.0,0.0,0.0,0.0,0.0,0.0,0,0,0,0,0,0,0,0.0,0.0,0.0,0.0,0.0,0.0,0.0,0.0,0.0,0.0,0.0
144036127,005930,70500.0,9222510,0.0,70520.0,40.0,99.97163925127623,63.63636363636363,66.66666666666667,1.0,1.3251356792182691,-9222510.0,0.0,0.0,-200.0,0.0,0.0,0.0,0.0,0.0,0.0,0.0,0.0,0.0,0.0,0.0,0,0,0,0,0,0,0,0.0,0.0,0.0,0.0,0.0,0.0,0.0,0.0,0.0,0.0,0.0
144036219,005930,70500.0,9222529,0.0,70520.0,50.0,99.97163925127623,63.63636363636363,66.66666666666667,1.0,1.3199895309177296,0.0,0.0,0.0,100.0,0.0,0.0,0.0,0.0,0.0,0.0,0.0,0.0,0.0,0.0,0.0,0,0,0,0,0,0,0,0.0,0.0,0.0,0.0,0.0,0.0,0.0,0.0,0.0,0.0,0.0
144038126,005930,70600.0,9222531,0.0,70540.0,60.0,100.08505812305076,72.72727272727273,66.66666666666667,1.0,1.3071125234293526,9222531.0,0.0,0.0,100.0,0.14184397163120568,0.0,0.0,0.0,0.0,0.0,0.0,0.0,0.0,0.0,0.0,0,0,0,0,0,0,0,0.0,0.0,0.0,0.0,0.0,0.0,0.0,0.0,0.0,0.0,0.0
144038515,005930,70500.0,9222535,0.0,70540.0,45.45454545454546,99.94329458463284,63.63636363636363,66.66666666666667,1.0,1.2955682746204327,-9222535.0,0.0,0.0,-200.0,0.0,0.0,0.0,0.0,0.0,0.0,0.0,0.0,0.0,0.0,0.0,0,0,0,0,0,0,0,0.0,0.0,0.0,0.0,0.0,0.0,0.0,0.0,0.0,0.0,0.0
144041318,005930,70500.0,9222585,0.0,70520.0,45.45454545454546,99.97163925127623,63.63636363636363,66.66666666666667,1.0,1.3057581312969293,0.0,0.0,0.0,100.0,0.0,0.0,0.0,0.0,0.0,0.0,0.0,0.0,0.0,0.0,0.0,0,0,0,0,0,0,0,0.0,0.0,0.0,0.0,0.0,0.0,0.0,0.0,0.0,0.0,0.0
144041719,005930,70600.0,9222590,0.0,70540.0,50.0,100.08505812305076,72.72727272727273,66.66666666666667,1.0,1.294898782792818,9222590.0,0.0,0.0,100.0,0.14184397163120568,0.0,0.0,0.0,0.0,0.0,0.0,0.0,0.0,0.0,0.0,0,0,0,0,0,0,0,0.0,0.0,0.0,0.0,0.0,0.0,0.0,0.0,0.0,0.0,0.0
144041720,005930,70600.0,9222594,0.0,70560.0,50.0,100.05668934240364,72.72727272727273,69.6969696969697,1.0,1.283911754077033,0.0,0.0,0.0,-100.0,0.14184397163120568,0.0,0.0,0.0,0.0,0.0,0.0,0.0,0.0,0.0,0.0,0,0,0,0,0,0,0,0.0,0.0,0.0,0.0,0.0,0.0,0.0,0.0,0.0,0.0,0.0
144043029,005930,70500.0,9222689,0.0,70540.0,42.857142857142854,99.94329458463284,63.63636363636363,69.6969696969697,1.0,1.3152338475919652,-9222689.0,0.0,0.0,-100.0,-0.141643059490085,0.0,0.0,0.0,0.0,0.0,0.0,0.0,0.0,0.0,0.0,0,0,0,0,0,0,0,0.0,0.0,0.0,0.0,0.0,0.0,0.0,0.0,0.0,0.0,0.0
144043616,005930,70500.0,9222691,0.0,70540.0,42.857142857142854,99.94329458463284,63.63636363636363,66.66666666666667,1.0,1.303054458369992,0.0,0.0,0.0,100.0,-0.141643059490085,0.0,0.0,0.0,0.0,0.0,0.0,0.0,0.0,0.0,0.0,0,0,0,0,0,0,0,0.0,0.0,0.0,0.0,0.0,0.0,0.0,0.0,0.0,0.0,0.0
144045030,005930,70600.0,9222701,0.0,70560.0,57.142857142857146,100.05668934240364,72.72727272727273,66.66666666666667,1.0,1.2949085781613898,9222701.0,0.0,0.0,100.0,0.14184397163120568,0.0,0.0,0.0,0.0,0.0,0.0,0.0,0.0,0.0,0.0,0,0,0,0,0,0,0,0.0,0.0,0.0,0.0,0.0,0.0,0.0,0.0,0.0,0.0,0.0
144045324,005930,70500.0,9222877,0.0,70540.0,50.0,99.94329458463284,63.63636363636363,66.66666666666667,1.0,1.3629595463859827,-9222877.0,0.0,0.0,-200.0,0.0,0.0,0.0,0.0,0.0,0.0,0.0,0.0,0.0,0.0,0.0,0,0,0,0,0,0,0,0.0,0.0,0.0,0.0,0.0,0.0,0.0,0.0,0.0,0.0,0.0
144045527,005930,70500.0,9222915,0.0,70520.0,50.0,99.97163925127623,63.63636363636363,66.66666666666667,1.0,1.3663776276546507,0.0,0.0,0.0,100.0,0.0,0.0,0.0,0.0,0.0,0.0,0.0,0.0,0.0,0.0,0.0,0,0,0,0,0,0,0,0.0,0.0,0.0,0.0,0.0,0.0,0.0,0.0,0.0,0.0,0.0
144045824,005930,70500.0,9222925,0.0,70520.0,50.0,99.97163925127623,63.63636363636363,63.63636363636363,1.0,1.3570436715113725,0.0,0.0,0.0,0.0,0.0,0.0,0.0,0.0,0.0,0.0,0.0,0.0,0.0,0.0,0.0,0,0,0,0,0,0,0,0.0,0.0,0.0,0.0,0.0,0.0,0.0,0.0,0.0,0.0,0.0
144046025,005930,70500.0,9222952,0.0,70520.0,42.857142857142854,99.97163925127623,63.63636363636363,63.63636363636363,1.0,1.3557103565945892,0.0,0.0,0.0,0.0,0.0,0.0,0.0,0.0,0.0,0.0,0.0,0.0,0.0,0.0,0.0,0,0,0,0,0,0,0,0.0,0.0,0.0,0.0,0.0,0.0,0.0,0.0,0.0,0.0,0.0
144046026,005930,70600.0,9223030,0.0,70520.0,57.142857142857146,100.11344299489507,72.72727272727273,66.66666666666667,1.0,1.377495248727813,9223030.0,0.0,0.0,100.0,0.14184397163120568,0.0,0.0,0.0,0.0,0.0,0.0,0.0,0.0,0.0,0.0,0,0,0,0,0,0,0,0.0,0.0,0.0,0.0,0.0,0.0,0.0,0.0,0.0,0.0,0.0
144046226,005930,70600.0,9223048,0.0,70540.0,57.142857142857146,100.08505812305076,72.72727272727273,69.6969696969697,1.0,1.3717551277353568,0.0,0.0,0.0,-100.0,0.0,0.0,0.0,0.0,0.0,0.0,0.0,0.0,0.0,0.0,0.0,0,0,0,0,0,0,0,0.0,0.0,0.0,0.0,0.0,0.0,0.0,0.0,0.0,0.0,0.0
144046228,005930,70600.0,9223057,0.0,70560.0,50.0,100.05668934240364,72.72727272727273,72.72727272727273,1.0,1.3621787566201815,0.0,0.0,0.0,0.0,0.0,0.0,0.0,0.0,0.0,0.0,0.0,0.0,0.0,0.0,0.0,0,0,0,0,0,0,0,0.0,0.0,0.0,0.0,0.0,0.0,0.0,0.0,0.0,0.0,0.0
144046228,005930,70500.0,9223060,0.0,70560.0,50.0,99.91496598639455,63.63636363636363,69.6969696969697,1.0,1.350213459291695,-9223060.0,0.0,0.0,-100.0,-0.141643059490085,0.0,0.0,0.0,0.0,0.0,0.0,0.0,0.0,0.0,0.0,0,0,0,0,0,0,0,0.0,0.0,0.0,0.0,0.0,0.0,0.0,0.0,0.0,0.0,0.0
144046831,005930,70500.0,9223219,0.0,70560.0,50.0,99.91496598639455,63.63636363636363,66.66666666666667,1.0,1.4082022431028112,0.0,0.0,0.0,100.0,0.0,0.0,0.0,0.0,0.0,0.0,0.0,0.0,0.0,0.0,0.0,0,0,0,0,0,0,0,0.0,0.0,0.0,0.0,0.0,0.0,0.0,0.0,0.0,0.0,0.0
144047127,005930,70500.0,9223223,0.0,70540.0,40.0,99.94329458463284,63.63636363636363,63.63636363636363,1.0,1.395810756357527,0.0,0.0,0.0,0.0,-0.141643059490085,0.0,0.0,0.0,0.0,0.0,0.0,0.0,0.0,0.0,0.0,0,0,0,0,0,0,0,0.0,0.0,0.0,0.0,0.0,0.0,0.0,0.0,0.0,0.0,0.0
144047129,005930,70600.0,9223648,0.0,70540.0,50.0,100.08505812305076,72.72727272727273,66.66666666666667,1.0,1.569855898436078,9223648.0,0.0,0.0,100.0,0.0,0.0,0.0,0.0,0.0,0.0,0.0,0.0,0.0,0.0,0.0,0,0,0,0,0,0,0,0.0,0.0,0.0,0.0,0.0,0.0,0.0,0.0,0.0,0.0,0.0
144047129,005930,70500.0,9223680,0.0,70520.0,50.0,99.97163925127623,63.63636363636363,66.66666666666667,1.0,1.5658363808370226,-9223680.0,0.0,0.0,-200.0,-0.141643059490085,0.0,0.0,0.0,0.0,0.0,0.0,0.0,0.0,0.0,0.0,0,0,0,0,0,0,0,0.0,0.0,0.0,0.0,0.0,0.0,0.0,0.0,0.0,0.0,0.0
144047918,005930,70600.0,9223681,0.0,70540.0,57.142857142857146,100.08505812305076,72.72727272727273,69.6969696969697,1.0,1.5484446379710755,9223681.0,0.0,0.0,200.0,0.14184397163120568,0.0,0.0,0.0,0.0,0.0,0.0,0.0,0.0,0.0,0.0,0,0,0,0,0,0,0,0.0,0.0,0.0,0.0,0.0,0.0,0.0,0.0,0.0,0.0,0.0
144048120,005930,70600.0,9223685,0.0,70560.0,50.0,100.05668934240364,72.72727272727273,69.6969696969697,1.0,1.5329398210376377,0.0,0.0,0.0,-100.0,0.14184397163120568,0.0,0.0,0.0,0.0,0.0,0.0,0.0,0.0,0.0,0.0,0,0,0,0,0,0,0,0.0,0.0,0.0,0.0,0.0,0.0,0.0,0.0,0.0,0.0,0.0
144048926,005930,70500.0,9223710,0.0,70560.0,50.0,99.91496598639455,63.63636363636363,69.6969696969697,1.0,1.5270434471953087,-9223710.0,0.0,0.0,-100.0,-0.141643059490085,0.0,0.0,0.0,0.0,0.0,0.0,0.0,0.0,0.0,0.0,0,0,0,0,0,0,0,0.0,0.0,0.0,0.0,0.0,0.0,0.0,0.0,0.0,0.0,0.0
144049830,005930,70500.0,9223716,0.0,70540.0,50.0,99.94329458463284,63.63636363636363,66.66666666666667,1.0,1.5131659160168613,0.0,0.0,0.0,100.0,-0.141643059490085,0.0,0.0,0.0,0.0,0.0,0.0,0.0,0.0,0.0,0.0,0,0,0,0,0,0,0,0.0,0.0,0.0,0.0,0.0,0.0,0.0,0.0,0.0,0.0,0.0
144050330,005930,70600.0,9223717,0.0,70560.0,57.142857142857146,100.05668934240364,72.72727272727273,66.66666666666667,1.0,1.4975861116353761,9223717.0,0.0,0.0,100.0,0.14184397163120568,0.0,0.0,0.0,0.0,0.0,0.0,0.0,0.0,0.0,0.0,0,0,0,0,0,0,0,0.0,0.0,0.0,0.0,0.0,0.0,0.0,0.0,0.0,0.0,0.0
144050331,005930,70600.0,9223722,0.0,70560.0,57.142857142857146,100.05668934240364,72.72727272727273,69.6969696969697,1.0,1.4842052814638933,0.0,0.0,0.0,-100.0,0.14184397163120568,0.0,0.0,0.0,0.0,0.0,0.0,0.0,0.0,0.0,0.0,0,0,0,0,0,0,0,0.0,0.0,0.0,0.0,0.0,0.0,0.0,0.0,0.0,0.0,0.0
144050628,005930,70600.0,9223723,0.0,70560.0,50.0,100.05668934240364,72.72727272727273,72.72727272727273,1.0,1.4695312530942966,0.0,0.0,0.0,0.0,0.14184397163120568,0.0,0.0,0.0,0.0,0.0,0.0,0.0,0.0,0.0,0.0,0,0,0,0,0,0,0,0.0,0.0,0.0,0.0,0.0,0.0,0.0,0.0,0.0,0.0,0.0
144051219,005930,70600.0,9223724,0.0,70580.0,50.0,100.02833663927457,72.72727272727273,72.72727272727273,1.0,1.455297598605833,0.0,0.0,0.0,0.0,0.14184397163120568,0.0,0.0,0.0,0.0,0.0,0.0,0.0,0.0,0.0,0.0,0,0,0,0,0,0,0,0.0,0.0,0.0,0.0,0.0,0.0,0.0,0.0,0.0,0.0,0.0
144051733,005930,70600.0,9223821,0.0,70600.0,50.0,100.0,72.72727272727273,72.72727272727273,1.0,1.4821817136141382,0.0,0.0,0.0,0.0,0.0,0.0,0.0,0.0,0.0,0.0,0.0,0.0,0.0,0.0,0.0,0,0,0,0,0,0,0,0.0,0.0,0.0,0.0,0.0,0.0,0.0,0.0,0.0,0.0,0.0
144051825,005930,70500.0,9223909,0.0,70580.0,50.0,99.88665344290168,63.63636363636363,69.6969696969697,1.0,1.5045539290822343,-9223909.0,0.0,0.0,-100.0,-0.141643059490085,0.0,0.0,0.0,0.0,0.0,0.0,0.0,0.0,0.0,0.0,0,0,0,0,0,0,0,0.0,0.0,0.0,0.0,0.0,0.0,0.0,0.0,0.0,0.0,0.0
144052230,005930,70500.0,9223935,0.0,70560.0,50.0,99.91496598639455,63.63636363636363,66.66666666666667,1.0,1.5002747653044963,0.0,0.0,0.0,100.0,-0.141643059490085,0.0,0.0,0.0,0.0,0.0,0.0,0.0,0.0,0.0,0.0,0,0,0,0,0,0,0,0.0,0.0,0.0,0.0,0.0,0.0,0.0,0.0,0.0,0.0,0.0
144052618,005930,70600.0,9224147,0.0,70560.0,57.142857142857146,100.05668934240364,72.72727272727273,66.66666666666667,1.0,1.573941114761457,9224147.0,0.0,0.0,100.0,0.0,0.0,0.0,0.0,0.0,0.0,0.0,0.0,0.0,0.0,0.0,0,0,0,0,0,0,0,0.0,0.0,0.0,0.0,0.0,0.0,0.0,0.0,0.0,0.0,0.0
144053116,005930,70600.0,9224148,0.0,70560.0,50.0,100.05668934240364,72.72727272727273,69.6969696969697,1.0,1.5576305986507444,0.0,0.0,0.0,-100.0,0.14184397163120568,0.0,0.0,0.0,0.0,0.0,0.0,0.0,0.0,0.0,0.0,0,0,0,0,0,0,0,0.0,0.0,0.0,0.0,0.0,0.0,0.0,0.0,0.0,0.0,0.0
144053117,005930,70600.0,9224149,0.0,70560.0,60.0,100.05668934240364,72.72727272727273,72.72727272727273,1.0,1.5418302869758724,0.0,0.0,0.0,0.0,0.14184397163120568,0.0,0.0,0.0,0.0,0.0,0.0,0.0,0.0,0.0,0.0,0,0,0,0,0,0,0,0.0,0.0,0.0,0.0,0.0,0.0,0.0,0.0,0.0,0.0,0.0
144054424,005930,70500.0,9224152,0.0,70560.0,40.0,99.91496598639455,63.63636363636363,69.6969696969697,1.0,1.5273402443614623,-9224152.0,0.0,0.0,-100.0,-0.141643059490085,0.0,0.0,0.0,0.0,0.0,0.0,0.0,0.0,0.0,0.0,0,0,0,0,0,0,0,0.0,0.0,0.0,0.0,0.0,0.0,0.0,0.0,0.0,0.0,0.0
144054921,005930,70500.0,9224175,0.0,70560.0,40.0,99.91496598639455,63.63636363636363,66.66666666666667,1.0,1.5215156058561168,0.0,0.0,0.0,100.0,-0.141643059490085,0.0,0.0,0.0,0.0,0.0,0.0,0.0,0.0,0.0,0.0,0,0,0,0,0,0,0,0.0,0.0,0.0,0.0,0.0,0.0,0.0,0.0,0.0,0.0,0.0
144055122,005930,70600.0,9224180,0.0,70560.0,60.0,100.05668934240364,72.72727272727273,66.66666666666667,1.0,1.5085071774302912,9224180.0,0.0,0.0,100.0,0.0,0.0,0.0,0.0,0.0,0.0,0.0,0.0,0.0,0.0,0.0,0,0,0,0,0,0,0,0.0,0.0,0.0,0.0,0.0,0.0,0.0,0.0,0.0,0.0,0.0
144055638,005930,70600.0,9224181,0.0,70560.0,60.0,100.05668934240364,72.72727272727273,69.6969696969697,1.0,1.4942490643601956,0.0,0.0,0.0,-100.0,0.14184397163120568,0.0,0.0,0.0,0.0,0.0,0.0,0.0,0.0,0.0,0.0,0,0,0,0,0,0,0,0.0,0.0,0.0,0.0,0.0,0.0,0.0,0.0,0.0,0.0,0.0
144055823,005930,70500.0,9224204,0.0,70540.0,40.0,99.94329458463284,63.63636363636363,69.6969696969697,1.0,1.4893564800511516,-9224204.0,0.0,0.0,-100.0,0.0,0.0,0.0,0.0,0.0,0.0,0.0,0.0,0.0,0.0,0.0,0,0,0,0,0,0,0,0.0,0.0,0.0,0.0,0.0,0.0,0.0,0.0,0.0,0.0,0.0
144056225,005930,70500.0,9224205,0.0,70540.0,40.0,99.94329458463284,63.63636363636363,66.66666666666667,1.0,1.4756990246580617,0.0,0.0,0.0,100.0,-0.141643059490085,0.0,0.0,0.0,0.0,0.0,0.0,0.0,0.0,0.0,0.0,0,0,0,0,0,0,0,0.0,0.0,0.0,0.0,0.0,0.0,0.0,0.0,0.0,0.0,0.0
144056429,005930,70600.0,9224228,0.0,70560.0,50.0,100.05668934240364,72.72727272727273,66.66666666666667,1.0,1.4713208119098344,9224228.0,0.0,0.0,100.0,0.0,0.0,0.0,0.0,0.0,0.0,0.0,0.0,0.0,0.0,0.0,0,0,0,0,0,0,0,0.0,0.0,0.0,0.0,0.0,0.0,0.0,0.0,0.0,0.0,0.0
144057020,005930,70600.0,9224234,0.0,70560.0,50.0,100.05668934240364,72.72727272727273,69.6969696969697,1.0,1.4602329382437733,0.0,0.0,0.0,-100.0,0.14184397163120568,0.0,0.0,0.0,0.0,0.0,0.0,0.0,0.0,0.0,0.0,0,0,0,0,0,0,0,0.0,0.0,0.0,0.0,0.0,0.0,0.0,0.0,0.0,0.0,0.0
144057722,005930,70600.0,9224239,0.0,70560.0,50.0,100.05668934240364,72.72727272727273,72.72727272727273,1.0,1.4490500493793546,0.0,0.0,0.0,0.0,0.0,0.0,0.0,0.0,0.0,0.0,0.0,0.0,0.0,0.0,0.0,0,0,0,0,0,0,0,0.0,0.0,0.0,0.0,0.0,0.0,0.0,0.0,0.0,0.0,0.0
144057831,005930,70500.0,9224267,0.0,70560.0,50.0,99.91496598639455,63.63636363636363,69.6969696969697,1.0,1.4473892149268042,-9224267.0,0.0,0.0,-100.0,-0.141643059490085,0.0,0.0,0.0,0.0,0.0,0.0,0.0,0.0,0.0,0.0,0,0,0,0,0,0,0,0.0,0.0,0.0,0.0,0.0,0.0,0.0,0.0,0.0,0.0,0.0
144057924,005930,70600.0,9224282,0.0,70580.0,57.142857142857146,100.02833663927457,72.72727272727273,69.6969696969697,1.0,1.4406076748203376,9224282.0,0.0,0.0,200.0,0.0,0.0,0.0,0.0,0.0,0.0,0.0,0.0,0.0,0.0,0.0,0,0,0,0,0,0,0,0.0,0.0,0.0,0.0,0.0,0.0,0.0,0.0,0.0,0.0,0.0
144058423,005930,70500.0,9224283,0.0,70560.0,42.857142857142854,99.91496598639455,63.63636363636363,66.66666666666667,1.0,1.4284415150934733,-9224283.0,0.0,0.0,-200.0,-0.141643059490085,0.0,0.0,0.0,0.0,0.0,0.0,0.0,0.0,0.0,0.0,0,0,0,0,0,0,0,0.0,0.0,0.0,0.0,0.0,0.0,0.0,0.0,0.0,0.0,0.0
144058625,005930,70600.0,9224284,0.0,70560.0,50.0,100.05668934240364,72.72727272727273,69.6969696969697,1.0,1.4165894941385817,9224284.0,0.0,0.0,200.0,0.0,0.0,0.0,0.0,0.0,0.0,0.0,0.0,0.0,0.0,0.0,0,0,0,0,0,0,0,0.0,0.0,0.0,0.0,0.0,0.0,0.0,0.0,0.0,0.0,0.0
144058626,005930,70500.0,9224560,0.0,70540.0,44.44444444444444,99.94329458463284,63.63636363636363,66.66666666666667,1.0,1.5139121998440845,-9224560.0,0.0,0.0,-200.0,-0.141643059490085,0.0,0.0,0.0,0.0,0.0,0.0,0.0,0.0,0.0,0.0,0,0,0,0,0,0,0,0.0,0.0,0.0,0.0,0.0,0.0,0.0,0.0,0.0,0.0,0.0
144059419,005930,70550.0,9224578,0.0,70550.0,52.94117647058823,100.0,68.18181818181817,68.18181818181819,1.0,1.507120116746876,9224578.0,0.0,0.0,150.0,-0.0708215297450425,0.0,0.0,0.0,0.0,0.0,0.0,0.0,0.0,0.0,0.0,0,0,0,0,0,0,0,0.0,0.0,0.0,0.0,0.0,0.0,0.0,0.0,0.0,0.0,0.0
144059420,005930,70500.0,9224646,0.0,70530.0,50.0,99.95746490854955,63.63636363636363,65.15151515151514,1.0,1.5201572859710615,-9224646.0,0.0,0.0,-100.0,-0.141643059490085,0.0,0.0,0.0,0.0,0.0,0.0,0.0,0.0,0.0,0.0,0,0,0,0,0,0,0,0.0,0.0,0.0,0.0,0.0,0.0,0.0,0.0,0.0,0.0,0.0
144059420,005930,70500.0,9224656,0.0,70530.0,43.75,99.95746490854955,63.63636363636363,65.15151515151514,1.0,1.5102025235222905,0.0,0.0,0.0,50.0,-0.141643059490085,0.0,0.0,0.0,0.0,0.0,0.0,0.0,0.0,0.0,0.0,0,0,0,0,0,0,0,0.0,0.0,0.0,0.0,0.0,0.0,0.0,0.0,0.0,0.0,0.0
144059421,005930,70600.0,9224666,0.0,70530.0,50.0,100.0992485467177,72.72727272727273,66.66666666666667,1.0,1.5005244887258484,9224666.0,0.0,0.0,100.0,0.0,0.0,0.0,0.0,0.0,0.0,0.0,0.0,0.0,0.0,0.0,0,0,0,0,0,0,0,0.0,0.0,0.0,0.0,0.0,0.0,0.0,0.0,0.0,0.0,0.0
144100567,005930,70500.0,9224668,0.0,70530.0,50.0,99.95746490854955,63.63636363636363,66.66666666666667,1.0,1.4880027393469244,-9224668.0,0.0,0.0,-200.0,-0.141643059490085,0.0,0.0,0.0,0.0,0.0,0.0,0.0,0.0,0.0,0.0,0,0,0,0,0,0,0,0.0,0.0,0.0,0.0,0.0,0.0,0.0,0.0,0.0,0.0,0.0
144100926,005930,70600.0,9224718,0.0,70540.0,55.0,100.08505812305076,72.72727272727273,69.6969696969697,1.0,1.4944081204567847,9224718.0,0.0,0.0,200.0,0.0,0.0,0.0,0.0,0.0,0.0,0.0,0.0,0.0,0.0,0.0,0,0,0,0,0,0,0,0.0,0.0,0.0,0.0,0.0,0.0,0.0,0.0,0.0,0.0,0.0
144100927,005930,70500.0,9224937,0.0,70540.0,45.00000000000001,99.94329458463284,63.63636363636363,66.66666666666667,1.0,1.5658692966500463,-9224937.0,0.0,0.0,-200.0,-0.141643059490085,0.0,0.0,0.0,0.0,0.0,0.0,0.0,0.0,0.0,0.0,0,0,0,0,0,0,0,0.0,0.0,0.0,0.0,0.0,0.0,0.0,0.0,0.0,0.0,0.0
144101128,005930,70500.0,9225037,0.0,70540.0,45.00000000000001,99.94329458463284,63.63636363636363,66.66666666666667,1.0,1.5897684769963587,0.0,0.0,0.0,100.0,-0.141643059490085,0.0,0.0,0.0,0.0,0.0,0.0,0.0,0.0,0.0,0.0,0,0,0,0,0,0,0,0.0,0.0,0.0,0.0,0.0,0.0,0.0,0.0,0.0,0.0,0.0
144101920,005930,70600.0,9225044,0.0,70540.0,50.0,100.08505812305076,72.72727272727273,66.66666666666667,1.0,1.577501451843432,9225044.0,0.0,0.0,100.0,0.14184397163120568,0.0,0.0,0.0,0.0,0.0,0.0,0.0,0.0,0.0,0.0,0,0,0,0,0,0,0,0.0,0.0,0.0,0.0,0.0,0.0,0.0,0.0,0.0,0.0,0.0
144102515,005930,70600.0,9225045,0.0,70560.0,55.0,100.05668934240364,72.72727272727273,69.6969696969697,1.0,1.5632938234499978,0.0,0.0,0.0,-100.0,0.14184397163120568,0.0,0.0,0.0,0.0,0.0,0.0,0.0,0.0,0.0,0.0,0,0,0,0,0,0,0,0.0,0.0,0.0,0.0,0.0,0.0,0.0,0.0,0.0,0.0,0.0
144103033,005930,70500.0,9225137,0.0,70540.0,45.00000000000001,99.94329458463284,63.63636363636363,69.6969696969697,1.0,1.5839955600836648,-9225137.0,0.0,0.0,-100.0,-0.141643059490085,0.0,0.0,0.0,0.0,0.0,0.0,0.0,0.0,0.0,0.0,0,0,0,0,0,0,0,0.0,0.0,0.0,0.0,0.0,0.0,0.0,0.0,0.0,0.0,0.0
144103033,005930,70500.0,9225168,0.0,70540.0,50.0,99.94329458463284,63.63636363636363,66.66666666666667,1.0,1.5811276126365277,0.0,0.0,0.0,100.0,-0.141643059490085,0.0,0.0,0.0,0.0,0.0,0.0,0.0,0.0,0.0,0.0,0,0,0,0,0,0,0,0.0,0.0,0.0,0.0,0.0,0.0,0.0,0.0,0.0,0.0,0.0
144103034,005930,70500.0,9225199,0.0,70540.0,43.75,99.94329458463284,63.63636363636363,63.63636363636363,1.0,1.5783539287478212,0.0,0.0,0.0,0.0,-0.141643059490085,0.0,0.0,0.0,0.0,0.0,0.0,0.0,0.0,0.0,0.0,0,0,0,0,0,0,0,0.0,0.0,0.0,0.0,0.0,0.0,0.0,0.0,0.0,0.0,0.0
144103220,005930,70500.0,9225351,0.0,70520.0,50.0,99.97163925127623,63.63636363636363,63.63636363636363,1.0,1.6210005089128028,0.0,0.0,0.0,0.0,-0.141643059490085,0.0,0.0,0.0,0.0,0.0,0.0,0.0,0.0,0.0,0.0,0,0,0,0,0,0,0,0.0,0.0,0.0,0.0,0.0,0.0,0.0,0.0,0.0,0.0,0.0
144103330,005930,70500.0,9225365,0.0,70500.0,46.15384615384615,100.0,63.63636363636363,63.63636363636363,1.0,1.6110438998457814,0.0,0.0,0.0,0.0,-0.141643059490085,0.0,0.0,0.0,0.0,0.0,0.0,0.0,0.0,0.0,0.0,0,0,0,0,0,0,0,0.0,0.0,0.0,0.0,0.0,0.0,0.0,0.0,0.0,0.0,0.0
144103920,005930,70500.0,9225366,0.0,70500.0,50.0,100.0,63.63636363636363,63.63636363636363,1.0,1.5965395382589025,0.0,0.0,0.0,0.0,-0.141643059490085,0.0,0.0,0.0,0.0,0.0,0.0,0.0,0.0,0.0,0.0,0,0,0,0,0,0,0,0.0,0.0,0.0,0.0,0.0,0.0,0.0,0.0,0.0,0.0,0.0
144104527,005930,70600.0,9225466,0.0,70520.0,57.142857142857146,100.11344299489507,72.72727272727273,66.66666666666667,1.0,1.6190623090784113,9225466.0,0.0,0.0,100.0,0.14184397163120568,0.0,0.0,0.0,0.0,0.0,0.0,0.0,0.0,0.0,0.0,0,0,0,0,0,0,0,0.0,0.0,0.0,0.0,0.0,0.0,0.0,0.0,0.0,0.0,0.0
144104914,005930,70600.0,9225478,0.0,70540.0,50.0,100.08505812305076,72.72727272727273,69.6969696969697,1.0,1.6085805544740124,0.0,0.0,0.0,-100.0,0.14184397163120568,0.0,0.0,0.0,0.0,0.0,0.0,0.0,0.0,0.0,0.0,0,0,0,0,0,0,0,0.0,0.0,0.0,0.0,0.0,0.0,0.0,0.0,0.0,0.0,0.0
144104915,005930,70600.0,9225479,0.0,70560.0,60.0,100.05668934240364,72.72727272727273,72.72727272727273,1.0,1.594351709942564,0.0,0.0,0.0,0.0,0.14184397163120568,0.0,0.0,0.0,0.0,0.0,0.0,0.0,0.0,0.0,0.0,0,0,0,0,0,0,0,0.0,0.0,0.0,0.0,0.0,0.0,0.0,0.0,0.0,0.0,0.0
144105025,005930,70600.0,9225490,0.0,70580.0,50.0,100.02833663927457,72.72727272727273,72.72727272727273,1.0,1.5841614459534703,0.0,0.0,0.0,0.0,0.14184397163120568,0.0,0.0,0.0,0.0,0.0,0.0,0.0,0.0,0.0,0.0,0,0,0,0,0,0,0,0.0,0.0,0.0,0.0,0.0,0.0,0.0,0.0,0.0,0.0,0.0
144105120,005930,70600.0,9225492,0.0,70600.0,66.66666666666666,100.0,72.72727272727273,72.72727272727273,1.0,1.570965213469564,0.0,0.0,0.0,0.0,0.14184397163120568,0.0,0.0,0.0,0.0,0.0,0.0,0.0,0.0,0.0,0.0,0,0,0,0,0,0,0,0.0,0.0,0.0,0.0,0.0,0.0,0.0,0.0,0.0,0.0,0.0
144105632,005930,70500.0,9225496,0.0,70580.0,50.0,99.88665344290168,63.63636363636363,69.6969696969697,1.0,1.5588387677498672,-9225496.0,0.0,0.0,-100.0,-0.141643059490085,0.0,0.0,0.0,0.0,0.0,0.0,0.0,0.0,0.0,0.0,0,0,0,0,0,0,0,0.0,0.0,0.0,0.0,0.0,0.0,0.0,0.0,0.0,0.0,0.0
144105634,005930,70500.0,9225497,0.0,70560.0,33.33333333333333,99.91496598639455,63.63636363636363,66.66666666666667,1.0,1.5459379163389846,0.0,0.0,0.0,100.0,-0.141643059490085,0.0,0.0,0.0,0.0,0.0,0.0,0.0,0.0,0.0,0.0,0,0,0,0,0,0,0,0.0,0.0,0.0,0.0,0.0,0.0,0.0,0.0,0.0,0.0,0.0
144105819,005930,70500.0,9225507,0.0,70540.0,33.33333333333333,99.94329458463284,63.63636363636363,63.63636363636363,1.0,1.53660984681352,0.0,0.0,0.0,0.0,-0.141643059490085,0.0,0.0,0.0,0.0,0.0,0.0,0.0,0.0,0.0,0.0,0,0,0,0,0,0,0,0.0,0.0,0.0,0.0,0.0,0.0,0.0,0.0,0.0,0.0,0.0
144105821,005930,70500.0,9225543,0.0,70520.0,50.0,99.97163925127623,63.63636363636363,63.63636363636363,1.0,1.5368721713076974,0.0,0.0,0.0,0.0,-0.141643059490085,0.0,0.0,0.0,0.0,0.0,0.0,0.0,0.0,0.0,0.0,0,0,0,0,0,0,0,0.0,0.0,0.0,0.0,0.0,0.0,0.0,0.0,0.0,0.0,0.0
144105931,005930,70500.0,9225553,0.0,70500.0,50.0,100.0,63.63636363636363,63.63636363636363,1.0,1.5278261629510175,0.0,0.0,0.0,0.0,-0.141643059490085,0.0,0.0,0.0,0.0,0.0,0.0,0.0,0.0,0.0,0.0,0,0,0,0,0,0,0,0.0,0.0,0.0,0.0,0.0,0.0,0.0,0.0,0.0,0.0,0.0
144105932,005930,70500.0,9225590,0.0,70500.0,50.0,100.0,63.63636363636363,63.63636363636363,1.0,1.5286577090030455,0.0,0.0,0.0,0.0,-0.141643059490085,0.0,0.0,0.0,0.0,0.0,0.0,0.0,0.0,0.0,0.0,0,0,0,0,0,0,0,0.0,0.0,0.0,0.0,0.0,0.0,0.0,0.0,0.0,0.0,0.0
144106429,005930,70500.0,9225592,0.0,70500.0,50.0,100.0,63.63636363636363,63.63636363636363,1.0,1.5170197270078902,0.0,0.0,0.0,0.0,-0.141643059490085,0.0,0.0,0.0,0.0,0.0,0.0,0.0,0.0,0.0,0.0,0,0,0,0,0,0,0,0.0,0.0,0.0,0.0,0.0,0.0,0.0,0.0,0.0,0.0,0.0
144107128,005930,70600.0,9225661,0.0,70520.0,66.66666666666666,100.11344299489507,72.72727272727273,66.66666666666667,1.0,1.5294614613911002,9225661.0,0.0,0.0,100.0,0.14184397163120568,0.0,0.0,0.0,0.0,0.0,0.0,0.0,0.0,0.0,0.0,0,0,0,0,0,0,0,0.0,0.0,0.0,0.0,0.0,0.0,0.0,0.0,0.0,0.0,0.0
144107533,005930,70500.0,9225664,0.0,70520.0,50.0,99.97163925127623,63.63636363636363,66.66666666666667,1.0,1.5182761845294657,-9225664.0,0.0,0.0,-200.0,0.0,0.0,0.0,0.0,0.0,0.0,0.0,0.0,0.0,0.0,0.0,0,0,0,0,0,0,0,0.0,0.0,0.0,0.0,0.0,0.0,0.0,0.0,0.0,0.0,0.0
144108127,005930,70500.0,9225695,0.0,70520.0,33.33333333333333,99.97163925127623,63.63636363636363,66.66666666666667,1.0,1.5172425405357657,0.0,0.0,0.0,100.0,0.0,0.0,0.0,0.0,0.0,0.0,0.0,0.0,0.0,0.0,0.0,0,0,0,0,0,0,0,0.0,0.0,0.0,0.0,0.0,0.0,0.0,0.0,0.0,0.0,0.0
144108327,005930,70600.0,9225697,0.0,70540.0,50.0,100.08505812305076,72.72727272727273,66.66666666666667,1.0,1.506044852417461,9225697.0,0.0,0.0,100.0,0.0,0.0,0.0,0.0,0.0,0.0,0.0,0.0,0.0,0.0,0.0,0,0,0,0,0,0,0,0.0,0.0,0.0,0.0,0.0,0.0,0.0,0.0,0.0,0.0,0.0
144109121,005930,70600.0,9225842,0.0,70560.0,50.0,100.05668934240364,72.72727272727273,69.6969696969697,1.0,1.5452772767864131,0.0,0.0,0.0,-100.0,0.14184397163120568,0.0,0.0,0.0,0.0,0.0,0.0,0.0,0.0,0.0,0.0,0,0,0,0,0,0,0,0.0,0.0,0.0,0.0,0.0,0.0,0.0,0.0,0.0,0.0,0.0
144109230,005930,70500.0,9225869,0.0,70540.0,40.0,99.94329458463284,63.63636363636363,69.6969696969697,1.0,1.5423992648153355,-9225869.0,0.0,0.0,-100.0,0.0,0.0,0.0,0.0,0.0,0.0,0.0,0.0,0.0,0.0,0.0,0,0,0,0,0,0,0,0.0,0.0,0.0,0.0,0.0,0.0,0.0,0.0,0.0,0.0,0.0
144109725,005930,70600.0,9227269,0.0,70560.0,50.0,100.05668934240364,72.72727272727273,69.6969696969697,1.0,2.0151943663636107,9227269.0,0.0,0.0,200.0,0.0,0.0,0.0,0.0,0.0,0.0,0.0,0.0,0.0,0.0,0.0,0,0,0,0,0,0,0,0.0,0.0,0.0,0.0,0.0,0.0,0.0,0.0,0.0,0.0,0.0
144109927,005930,70500.0,9227271,0.0,70560.0,50.0,99.91496598639455,63.63636363636363,66.66666666666667,1.0,1.992246495874988,-9227271.0,0.0,0.0,-200.0,-0.141643059490085,0.0,0.0,0.0,0.0,0.0,0.0,0.0,0.0,0.0,0.0,0,0,0,0,0,0,0,0.0,0.0,0.0,0.0,0.0,0.0,0.0,0.0,0.0,0.0,0.0
144110922,005930,70500.0,9227295,0.0,70540.0,50.0,99.94329458463284,63.63636363636363,66.66666666666667,1.0,1.9775610562257828,0.0,0.0,0.0,100.0,-0.141643059490085,0.0,0.0,0.0,0.0,0.0,0.0,0.0,0.0,0.0,0.0,0,0,0,0,0,0,0,0.0,0.0,0.0,0.0,0.0,0.0,0.0,0.0,0.0,0.0,0.0
144111328,005930,70600.0,9227299,0.0,70540.0,57.142857142857146,100.08505812305076,72.72727272727273,66.66666666666667,1.0,1.9566047814410799,9227299.0,0.0,0.0,100.0,0.14184397163120568,0.0,0.0,0.0,0.0,0.0,0.0,0.0,0.0,0.0,0.0,0,0,0,0,0,0,0,0.0,0.0,0.0,0.0,0.0,0.0,0.0,0.0,0.0,0.0,0.0
144112416,005930,70500.0,9227304,0.0,70540.0,50.0,99.94329458463284,63.63636363636363,66.66666666666667,1.0,1.9366761003734407,-9227304.0,0.0,0.0,-200.0,-0.141643059490085,0.0,0.0,0.0,0.0,0.0,0.0,0.0,0.0,0.0,0.0,0,0,0,0,0,0,0,0.0,0.0,0.0,0.0,0.0,0.0,0.0,0.0,0.0,0.0,0.0
144112620,005930,70500.0,9227318,0.0,70520.0,50.0,99.97163925127623,63.63636363636363,66.66666666666667,1.0,1.920394435500932,0.0,0.0,0.0,100.0,-0.141643059490085,0.0,0.0,0.0,0.0,0.0,0.0,0.0,0.0,0.0,0.0,0,0,0,0,0,0,0,0.0,0.0,0.0,0.0,0.0,0.0,0.0,0.0,0.0,0.0,0.0
144112621,005930,70500.0,9227323,0.0,70520.0,50.0,99.97163925127623,63.63636363636363,63.63636363636363,1.0,1.901639892307922,0.0,0.0,0.0,0.0,-0.141643059490085,0.0,0.0,0.0,0.0,0.0,0.0,0.0,0.0,0.0,0.0,0,0,0,0,0,0,0,0.0,0.0,0.0,0.0,0.0,0.0,0.0,0.0,0.0,0.0,0.0
144113929,005930,70600.0,9227325,0.0,70540.0,55.55555555555556,100.08505812305076,72.72727272727273,66.66666666666667,1.0,1.8824799925111932,9227325.0,0.0,0.0,100.0,0.14184397163120568,0.0,0.0,0.0,0.0,0.0,0.0,0.0,0.0,0.0,0.0,0,0,0,0,0,0,0,0.0,0.0,0.0,0.0,0.0,0.0,0.0,0.0,0.0,0.0,0.0
144113930,005930,70600.0,9227330,0.0,70540.0,50.0,100.08505812305076,72.72727272727273,69.6969696969697,1.0,1.864891125914325,0.0,0.0,0.0,-100.0,0.14184397163120568,0.0,0.0,0.0,0.0,0.0,0.0,0.0,0.0,0.0,0.0,0,0,0,0,0,0,0,0.0,0.0,0.0,0.0,0.0,0.0,0.0,0.0,0.0,0.0,0.0
144114925,005930,70550.0,9227334,0.0,70550.0,53.33333333333334,100.0,68.18181818181817,71.2121212121212,1.0,1.8475032475045814,-9227334.0,0.0,0.0,-50.0,0.07092198581560284,0.0,0.0,0.0,0.0,0.0,0.0,0.0,0.0,0.0,0.0,0,0,0,0,0,0,0,0.0,0.0,0.0,0.0,0.0,0.0,0.0,0.0,0.0,0.0,0.0
144115033,005930,70600.0,9227338,0.0,70570.0,56.25,100.04251098200368,72.72727272727273,71.2121212121212,1.0,1.8306275665843486,9227338.0,0.0,0.0,100.0,0.0,0.0,0.0,0.0,0.0,0.0,0.0,0.0,0.0,0.0,0.0,0,0,0,0,0,0,0,0.0,0.0,0.0,0.0,0.0,0.0,0.0,0.0,0.0,0.0,0.0
144115330,005930,70600.0,9227418,0.0,70590.0,50.0,100.01416631250886,72.72727272727273,71.2121212121212,1.0,1.8388020084888652,0.0,0.0,0.0,-50.0,0.0,0.0,0.0,0.0,0.0,0.0,0.0,0.0,0.0,0.0,0.0,0,0,0,0,0,0,0,0.0,0.0,0.0,0.0,0.0,0.0,0.0,0.0,0.0,0.0,0.0
144117725,005930,70600.0,9227428,0.0,70590.0,50.0,100.01416631250886,72.72727272727273,72.72727272727273,1.0,1.8242157964454517,0.0,0.0,0.0,0.0,0.0,0.0,0.0,0.0,0.0,0.0,0.0,0.0,0.0,0.0,0.0,0,0,0,0,0,0,0,0.0,0.0,0.0,0.0,0.0,0.0,0.0,0.0,0.0,0.0,0.0
144117727,005930,70600.0,9227460,0.0,70590.0,58.33333333333333,100.01416631250886,72.72727272727273,72.72727272727273,1.0,1.8170825552326222,0.0,0.0,0.0,0.0,0.0,0.0,0.0,0.0,0.0,0.0,0.0,0.0,0.0,0.0,0.0,0,0,0,0,0,0,0,0.0,0.0,0.0,0.0,0.0,0.0,0.0,0.0,0.0,0.0,0.0
144118422,005930,70600.0,9227466,0.0,70600.0,50.0,100.0,72.72727272727273,72.72727272727273,1.0,1.8018676189411136,0.0,0.0,0.0,0.0,0.0,0.0,0.0,0.0,0.0,0.0,0.0,0.0,0.0,0.0,0.0,0,0,0,0,0,0,0,0.0,0.0,0.0,0.0,0.0,0.0,0.0,0.0,0.0,0.0,0.0
144118517,005930,70500.0,9227470,0.0,70580.0,50.0,99.88665344290168,63.63636363636363,69.6969696969697,1.0,1.7864409833821777,-9227470.0,0.0,0.0,-100.0,-0.141643059490085,0.0,0.0,0.0,0.0,0.0,0.0,0.0,0.0,0.0,0.0,0,0,0,0,0,0,0,0.0,0.0,0.0,0.0,0.0,0.0,0.0,0.0,0.0,0.0,0.0
144119234,005930,70500.0,9227501,0.0,70560.0,50.0,99.91496598639455,63.63636363636363,66.66666666666667,1.0,1.7799538145459146,0.0,0.0,0.0,100.0,-0.141643059490085,0.0,0.0,0.0,0.0,0.0,0.0,0.0,0.0,0.0,0.0,0,0,0,0,0,0,0,0.0,0.0,0.0,0.0,0.0,0.0,0.0,0.0,0.0,0.0,0.0
144119235,005930,70500.0,9227589,0.0,70540.0,37.5,99.94329458463284,63.63636363636363,63.63636363636363,1.0,1.7915345129770215,0.0,0.0,0.0,0.0,-0.141643059490085,0.0,0.0,0.0,0.0,0.0,0.0,0.0,0.0,0.0,0.0,0,0,0,0,0,0,0,0.0,0.0,0.0,0.0,0.0,0.0,0.0,0.0,0.0,0.0,0.0
144119730,005930,70500.0,9227591,0.0,70520.0,50.0,99.97163925127623,63.63636363636363,63.63636363636363,1.0,1.7759166652433669,0.0,0.0,0.0,0.0,0.0,0.0,0.0,0.0,0.0,0.0,0.0,0.0,0.0,0.0,0.0,0,0,0,0,0,0,0,0.0,0.0,0.0,0.0,0.0,0.0,0.0,0.0,0.0,0.0,0.0
144119933,005930,70600.0,9227628,0.0,70520.0,62.50000000000001,100.11344299489507,72.72727272727273,66.66666666666667,1.0,1.7716054248808868,9227628.0,0.0,0.0,100.0,0.14184397163120568,0.0,0.0,0.0,0.0,0.0,0.0,0.0,0.0,0.0,0.0,0,0,0,0,0,0,0,0.0,0.0,0.0,0.0,0.0,0.0,0.0,0.0,0.0,0.0,0.0
144120430,005930,70500.0,9227630,0.0,70520.0,50.0,99.97163925127623,63.63636363636363,66.66666666666667,1.0,1.756565061630815,-9227630.0,0.0,0.0,-200.0,0.0,0.0,0.0,0.0,0.0,0.0,0.0,0.0,0.0,0.0,0.0,0,0,0,0,0,0,0,0.0,0.0,0.0,0.0,0.0,0.0,0.0,0.0,0.0,0.0,0.0
144120525,005930,70600.0,9227771,0.0,70540.0,50.0,100.08505812305076,72.72727272727273,69.6969696969697,1.0,1.7847750942723126,9227771.0,0.0,0.0,200.0,0.14184397163120568,0.0,0.0,0.0,0.0,0.0,0.0,0.0,0.0,0.0,0.0,0,0,0,0,0,0,0,0.0,0.0,0.0,0.0,0.0,0.0,0.0,0.0,0.0,0.0,0.0
144121116,005930,70600.0,9227772,0.0,70560.0,50.0,100.05668934240364,72.72727272727273,69.6969696969697,1.0,1.7692646101878697,0.0,0.0,0.0,-100.0,0.0,0.0,0.0,0.0,0.0,0.0,0.0,0.0,0.0,0.0,0.0,0,0,0,0,0,0,0,0.0,0.0,0.0,0.0,0.0,0.0,0.0,0.0,0.0,0.0,0.0
144122316,005930,70500.0,9227782,0.0,70560.0,45.45454545454546,99.91496598639455,63.63636363636363,69.6969696969697,1.0,1.7569094971249055,-9227782.0,0.0,0.0,-100.0,-0.141643059490085,0.0,0.0,0.0,0.0,0.0,0.0,0.0,0.0,0.0,0.0,0,0,0,0,0,0,0,0.0,0.0,0.0,0.0,0.0,0.0,0.0,0.0,0.0,0.0,0.0
144122317,005930,70500.0,9227842,0.0,70540.0,40.0,99.94329458463284,63.63636363636363,66.66666666666667,1.0,1.7600844501912492,0.0,0.0,0.0,100.0,-0.141643059490085,0.0,0.0,0.0,0.0,0.0,0.0,0.0,0.0,0.0,0.0,0,0,0,0,0,0,0,0.0,0.0,0.0,0.0,0.0,0.0,0.0,0.0,0.0,0.0,0.0
144122624,005930,70500.0,9228017,0.0,70540.0,40.0,99.94329458463284,63.63636363636363,63.63636363636363,1.0,1.7979843308683994,0.0,0.0,0.0,0.0,-0.141643059490085,0.0,0.0,0.0,0.0,0.0,0.0,0.0,0.0,0.0,0.0,0,0,0,0,0,0,0,0.0,0.0,0.0,0.0,0.0,0.0,0.0,0.0,0.0,0.0,0.0
144122625,005930,70500.0,9228117,0.0,70520.0,40.0,99.97163925127623,63.63636363636363,63.63636363636363,1.0,1.812258205970319,0.0,0.0,0.0,0.0,-0.141643059490085,0.0,0.0,0.0,0.0,0.0,0.0,0.0,0.0,0.0,0.0,0,0,0,0,0,0,0,0.0,0.0,0.0,0.0,0.0,0.0,0.0,0.0,0.0,0.0,0.0
144122626,005930,70600.0,9228127,0.0,70520.0,50.0,100.11344299489507,72.72727272727273,66.66666666666667,1.0,1.7991611709330324,9228127.0,0.0,0.0,100.0,0.0,0.0,0.0,0.0,0.0,0.0,0.0,0.0,0.0,0.0,0.0,0,0,0,0,0,0,0,0.0,0.0,0.0,0.0,0.0,0.0,0.0,0.0,0.0,0.0,0.0
144125230,005930,70500.0,9228433,0.0,70520.0,42.857142857142854,99.97163925127623,63.63636363636363,66.66666666666667,1.0,1.8746499655563624,-9228433.0,0.0,0.0,-200.0,-0.141643059490085,0.0,0.0,0.0,0.0,0.0,0.0,0.0,0.0,0.0,0.0,0,0,0,0,0,0,0,0.0,0.0,0.0,0.0,0.0,0.0,0.0,0.0,0.0,0.0,0.0
144126224,005930,70550.0,9228434,0.0,70530.0,53.846153846153854,100.02835672763364,68.18181818181817,68.18181818181819,1.0,1.8575604911315826,9228434.0,0.0,0.0,150.0,-0.0708215297450425,0.0,0.0,0.0,0.0,0.0,0.0,0.0,0.0,0.0,0.0,0,0,0,0,0,0,0,0.0,0.0,0.0,0.0,0.0,0.0,0.0,0.0,0.0,0.0,0.0
144126225,005930,70500.0,9228459,0.0,70530.0,50.0,99.95746490854955,63.63636363636363,65.15151515151514,1.0,1.8480170994724132,-9228459.0,0.0,0.0,-100.0,-0.141643059490085,0.0,0.0,0.0,0.0,0.0,0.0,0.0,0.0,0.0,0.0,0,0,0,0,0,0,0,0.0,0.0,0.0,0.0,0.0,0.0,0.0,0.0,0.0,0.0,0.0
144126226,005930,70500.0,9228462,0.0,70530.0,50.0,99.95746490854955,63.63636363636363,65.15151515151514,1.0,1.8322670490910717,0.0,0.0,0.0,50.0,-0.141643059490085,0.0,0.0,0.0,0.0,0.0,0.0,0.0,0.0,0.0,0.0,0,0,0,0,0,0,0,0.0,0.0,0.0,0.0,0.0,0.0,0.0,0.0,0.0,0.0,0.0
144127325,005930,70600.0,9228467,0.0,70530.0,56.25,100.0992485467177,72.72727272727273,66.66666666666667,1.0,1.817519058588097,9228467.0,0.0,0.0,100.0,0.14184397163120568,0.0,0.0,0.0,0.0,0.0,0.0,0.0,0.0,0.0,0.0,0,0,0,0,0,0,0,0.0,0.0,0.0,0.0,0.0,0.0,0.0,0.0,0.0,0.0,0.0
144129217,005930,70500.0,9228496,0.0,70530.0,43.75,99.95746490854955,63.63636363636363,66.66666666666667,1.0,1.8101389901851475,-9228496.0,0.0,0.0,-200.0,-0.141643059490085,0.0,0.0,0.0,0.0,0.0,0.0,0.0,0.0,0.0,0.0,0,0,0,0,0,0,0,0.0,0.0,0.0,0.0,0.0,0.0,0.0,0.0,0.0,0.0,0.0
144129418,005930,70600.0,9228500,0.0,70540.0,56.25,100.08505812305076,72.72727272727273,69.6969696969697,1.0,1.7957032470093908,9228500.0,0.0,0.0,200.0,0.0,0.0,0.0,0.0,0.0,0.0,0.0,0.0,0.0,0.0,0.0,0,0,0,0,0,0,0,0.0,0.0,0.0,0.0,0.0,0.0,0.0,0.0,0.0,0.0,0.0
144130226,005930,70600.0,9228502,0.0,70560.0,50.0,100.05668934240364,72.72727272727273,69.6969696969697,1.0,1.781057268773387,0.0,0.0,0.0,-100.0,0.14184397163120568,0.0,0.0,0.0,0.0,0.0,0.0,0.0,0.0,0.0,0.0,0,0,0,0,0,0,0,0.0,0.0,0.0,0.0,0.0,0.0,0.0,0.0,0.0,0.0,0.0
144132047,005930,70500.0,9228597,0.0,70560.0,43.75,99.91496598639455,63.63636363636363,69.6969696969697,1.0,1.7934918278583194,-9228597.0,0.0,0.0,-100.0,-0.141643059490085,0.0,0.0,0.0,0.0,0.0,0.0,0.0,0.0,0.0,0.0,0,0,0,0,0,0,0,0.0,0.0,0.0,0.0,0.0,0.0,0.0,0.0,0.0,0.0,0.0
144132530,005930,70500.0,9228635,0.0,70540.0,50.0,99.94329458463284,63.63636363636363,66.66666666666667,1.0,1.7893028064906473,0.0,0.0,0.0,100.0,-0.141643059490085,0.0,0.0,0.0,0.0,0.0,0.0,0.0,0.0,0.0,0.0,0,0,0,0,0,0,0,0.0,0.0,0.0,0.0,0.0,0.0,0.0,0.0,0.0,0.0,0.0
144132913,005930,70500.0,9228660,0.0,70540.0,50.0,99.94329458463284,63.63636363636363,63.63636363636363,1.0,1.7815132711775932,0.0,0.0,0.0,0.0,-0.141643059490085,0.0,0.0,0.0,0.0,0.0,0.0,0.0,0.0,0.0,0.0,0,0,0,0,0,0,0,0.0,0.0,0.0,0.0,0.0,0.0,0.0,0.0,0.0,0.0,0.0
144133724,005930,70500.0,9228679,0.0,70520.0,50.0,99.97163925127623,63.63636363636363,63.63636363636363,1.0,1.7722131699615962,0.0,0.0,0.0,0.0,0.0,0.0,0.0,0.0,0.0,0.0,0.0,0.0,0.0,0.0,0.0,0,0,0,0,0,0,0,0.0,0.0,0.0,0.0,0.0,0.0,0.0,0.0,0.0,0.0,0.0
144134732,005930,70550.0,9228681,0.0,70510.0,53.33333333333334,100.05672954190894,68.18181818181817,65.15151515151514,1.0,1.7583383604717446,9228681.0,0.0,0.0,50.0,0.07092198581560284,0.0,0.0,0.0,0.0,0.0,0.0,0.0,0.0,0.0,0.0,0,0,0,0,0,0,0,0.0,0.0,0.0,0.0,0.0,0.0,0.0,0.0,0.0,0.0,0.0
144136127,005930,70500.0,9228732,0.0,70510.0,42.857142857142854,99.98581761452276,63.63636363636363,65.15151515151514,1.0,1.758581079036775,-9228732.0,0.0,0.0,-100.0,-0.07087172218284904,0.0,0.0,0.0,0.0,0.0,0.0,0.0,0.0,0.0,0.0,0,0,0,0,0,0,0,0.0,0.0,0.0,0.0,0.0,0.0,0.0,0.0,0.0,0.0,0.0
144136220,005930,70500.0,9228751,0.0,70510.0,50.0,99.98581761452276,63.63636363636363,65.15151515151514,1.0,1.7498509311621253,0.0,0.0,0.0,50.0,-0.07087172218284904,0.0,0.0,0.0,0.0,0.0,0.0,0.0,0.0,0.0,0.0,0,0,0,0,0,0,0,0.0,0.0,0.0,0.0,0.0,0.0,0.0,0.0,0.0,0.0,0.0
144136717,005930,70550.0,9228756,0.0,70520.0,50.0,100.04254112308566,68.18181818181817,65.15151515151514,1.0,1.7374202204189773,9228756.0,0.0,0.0,50.0,0.0,0.0,0.0,0.0,0.0,0.0,0.0,0.0,0.0,0.0,0.0,0,0,0,0,0,0,0,0.0,0.0,0.0,0.0,0.0,0.0,0.0,0.0,0.0,0.0,0.0
144136719,005930,70500.0,9228759,0.0,70520.0,50.0,99.97163925127623,63.63636363636363,65.15151515151514,1.0,1.7247238847799422,-9228759.0,0.0,0.0,-100.0,-0.07087172218284904,0.0,0.0,0.0,0.0,0.0,0.0,0.0,0.0,0.0,0.0,0,0,0,0,0,0,0,0.0,0.0,0.0,0.0,0.0,0.0,0.0,0.0,0.0,0.0,0.0
144136921,005930,70550.0,9228764,0.0,70520.0,53.846153846153854,100.04254112308566,68.18181818181817,66.66666666666667,1.0,1.7128741350978542,9228764.0,0.0,0.0,100.0,0.0,0.0,0.0,0.0,0.0,0.0,0.0,0.0,0.0,0.0,0.0,0,0,0,0,0,0,0,0.0,0.0,0.0,0.0,0.0,0.0,0.0,0.0,0.0,0.0,0.0
144138230,005930,70550.0,9228783,0.0,70530.0,45.45454545454546,100.02835672763364,68.18181818181817,66.66666666666667,1.0,1.70515909204364,0.0,0.0,0.0,-50.0,0.0,0.0,0.0,0.0,0.0,0.0,0.0,0.0,0.0,0.0,0.0,0,0,0,0,0,0,0,0.0,0.0,0.0,0.0,0.0,0.0,0.0,0.0,0.0,0.0,0.0
144138231,005930,70550.0,9228792,0.0,70540.0,55.55555555555556,100.0141763538418,68.18181818181817,68.18181818181817,1.0,1.6948673640935006,0.0,0.0,0.0,0.0,0.0,0.0,0.0,0.0,0.0,0.0,0.0,0.0,0.0,0.0,0.0,0,0,0,0,0,0,0,0.0,0.0,0.0,0.0,0.0,0.0,0.0,0.0,0.0,0.0,0.0
144139319,005930,70500.0,9228967,0.0,70530.0,37.5,99.95746490854955,63.63636363636363,66.66666666666666,1.0,1.7303015092111667,-9228967.0,0.0,0.0,-50.0,-0.07087172218284904,0.0,0.0,0.0,0.0,0.0,0.0,0.0,0.0,0.0,0.0,0,0,0,0,0,0,0,0.0,0.0,0.0,0.0,0.0,0.0,0.0,0.0,0.0,0.0,0.0
144139429,005930,70550.0,9228968,0.0,70540.0,44.44444444444444,100.0141763538418,68.18181818181817,66.66666666666667,1.0,1.7174358104431626,9228968.0,0.0,0.0,100.0,0.0,0.0,0.0,0.0,0.0,0.0,0.0,0.0,0.0,0.0,0.0,0,0,0,0,0,0,0,0.0,0.0,0.0,0.0,0.0,0.0,0.0,0.0,0.0,0.0,0.0
144139928,005930,70500.0,9228974,0.0,70530.0,50.0,99.95746490854955,63.63636363636363,65.15151515151514,1.0,1.7062190987331134,-9228974.0,0.0,0.0,-100.0,-0.07087172218284904,0.0,0.0,0.0,0.0,0.0,0.0,0.0,0.0,0.0,0.0,0,0,0,0,0,0,0,0.0,0.0,0.0,0.0,0.0,0.0,0.0,0.0,0.0,0.0,0.0
144140424,005930,70500.0,9229004,0.0,70520.0,50.0,99.97163925127623,63.63636363636363,65.15151515151514,1.0,1.7017572847400149,0.0,0.0,0.0,50.0,0.0,0.0,0.0,0.0,0.0,0.0,0.0,0.0,0.0,0.0,0.0,0,0,0,0,0,0,0,0.0,0.0,0.0,0.0,0.0,0.0,0.0,0.0,0.0,0.0,0.0
144140517,005930,70500.0,9229006,0.0,70510.0,50.0,99.98581761452276,63.63636363636363,63.63636363636363,1.0,1.689831367077574,0.0,0.0,0.0,0.0,-0.07087172218284904,0.0,0.0,0.0,0.0,0.0,0.0,0.0,0.0,0.0,0.0,0,0,0,0,0,0,0,0.0,0.0,0.0,0.0,0.0,0.0,0.0,0.0,0.0,0.0,0.0
144142522,005930,70550.0,9229009,0.0,70520.0,55.55555555555556,100.04254112308566,68.18181818181817,65.15151515151514,1.0,1.6784333617540155,9229009.0,0.0,0.0,50.0,0.07092198581560284,0.0,0.0,0.0,0.0,0.0,0.0,0.0,0.0,0.0,0.0,0,0,0,0,0,0,0,0.0,0.0,0.0,0.0,0.0,0.0,0.0,0.0,0.0,0.0,0.0
144143220,005930,70500.0,9229035,0.0,70510.0,44.44444444444444,99.98581761452276,63.63636363636363,65.15151515151514,1.0,1.6734527090913067,-9229035.0,0.0,0.0,-100.0,0.0,0.0,0.0,0.0,0.0,0.0,0.0,0.0,0.0,0.0,0.0,0,0,0,0,0,0,0,0.0,0.0,0.0,0.0,0.0,0.0,0.0,0.0,0.0,0.0,0.0
144143531,005930,70550.0,9229044,0.0,70520.0,55.55555555555556,100.04254112308566,68.18181818181817,66.66666666666667,1.0,1.6640325710709551,9229044.0,0.0,0.0,100.0,0.0,0.0,0.0,0.0,0.0,0.0,0.0,0.0,0.0,0.0,0.0,0,0,0,0,0,0,0,0.0,0.0,0.0,0.0,0.0,0.0,0.0,0.0,0.0,0.0,0.0
144144229,005930,70500.0,9229048,0.0,70520.0,50.0,99.97163925127623,63.63636363636363,65.15151515151514,1.0,1.6534774874639218,-9229048.0,0.0,0.0,-100.0,0.0,0.0,0.0,0.0,0.0,0.0,0.0,0.0,0.0,0.0,0.0,0,0,0,0,0,0,0,0.0,0.0,0.0,0.0,0.0,0.0,0.0,0.0,0.0,0.0,0.0
144144525,005930,70500.0,9229097,0.0,70520.0,44.44444444444444,99.97163925127623,63.63636363636363,65.15151515151514,1.0,1.6551058794366114,0.0,0.0,0.0,50.0,0.0,0.0,0.0,0.0,0.0,0.0,0.0,0.0,0.0,0.0,0.0,0,0,0,0,0,0,0,0.0,0.0,0.0,0.0,0.0,0.0,0.0,0.0,0.0,0.0,0.0
144144616,005930,70500.0,9229098,0.0,70510.0,50.0,99.98581761452276,63.63636363636363,63.63636363636363,1.0,1.6439856620172264,0.0,0.0,0.0,0.0,-0.07087172218284904,0.0,0.0,0.0,0.0,0.0,0.0,0.0,0.0,0.0,0.0,0,0,0,0,0,0,0,0.0,0.0,0.0,0.0,0.0,0.0,0.0,0.0,0.0,0.0,0.0
144144725,005930,70500.0,9229107,0.0,70510.0,42.857142857142854,99.98581761452276,63.63636363636363,63.63636363636363,1.0,1.635206206154211,0.0,0.0,0.0,0.0,-0.07087172218284904,0.0,0.0,0.0,0.0,0.0,0.0,0.0,0.0,0.0,0.0,0,0,0,0,0,0,0,0.0,0.0,0.0,0.0,0.0,0.0,0.0,0.0,0.0,0.0,0.0
144144927,005930,70550.0,9229113,0.0,70510.0,50.0,100.05672954190894,68.18181818181817,65.15151515151514,1.0,1.6258145803877577,9229113.0,0.0,0.0,50.0,0.0,0.0,0.0,0.0,0.0,0.0,0.0,0.0,0.0,0.0,0.0,0,0,0,0,0,0,0,0.0,0.0,0.0,0.0,0.0,0.0,0.0,0.0,0.0,0.0,0.0
144144928,005930,70500.0,9229114,0.0,70510.0,44.44444444444444,99.98581761452276,63.63636363636363,65.15151515151514,1.0,1.6152971256428617,-9229114.0,0.0,0.0,-100.0,-0.07087172218284904,0.0,0.0,0.0,0.0,0.0,0.0,0.0,0.0,0.0,0.0,0,0,0,0,0,0,0,0.0,0.0,0.0,0.0,0.0,0.0,0.0,0.0,0.0,0.0,0.0
144144929,005930,70550.0,9229188,0.0,70520.0,55.55555555555556,100.04254112308566,68.18181818181817,66.66666666666667,1.0,1.6241123462797613,9229188.0,0.0,0.0,100.0,0.0,0.0,0.0,0.0,0.0,0.0,0.0,0.0,0.0,0.0,0.0,0,0,0,0,0,0,0,0.0,0.0,0.0,0.0,0.0,0.0,0.0,0.0,0.0,0.0,0.0
144145624,005930,70500.0,9229191,0.0,70520.0,44.44444444444444,99.97163925127623,63.63636363636363,65.15151515151514,1.0,1.6142209991164234,-9229191.0,0.0,0.0,-100.0,0.0,0.0,0.0,0.0,0.0,0.0,0.0,0.0,0.0,0.0,0.0,0,0,0,0,0,0,0,0.0,0.0,0.0,0.0,0.0,0.0,0.0,0.0,0.0,0.0,0.0
144146226,005930,70550.0,9229194,0.0,70530.0,55.55555555555556,100.02835672763364,68.18181818181817,66.66666666666667,1.0,1.604522920538335,9229194.0,0.0,0.0,100.0,0.0,0.0,0.0,0.0,0.0,0.0,0.0,0.0,0.0,0.0,0.0,0,0,0,0,0,0,0,0.0,0.0,0.0,0.0,0.0,0.0,0.0,0.0,0.0,0.0,0.0
144146428,005930,70500.0,9229197,0.0,70520.0,50.0,99.97163925127623,63.63636363636363,65.15151515151514,1.0,1.5950120937303027,-9229197.0,0.0,0.0,-100.0,-0.07087172218284904,0.0,0.0,0.0,0.0,0.0,0.0,0.0,0.0,0.0,0.0,0,0,0,0,0,0,0,0.0,0.0,0.0,0.0,0.0,0.0,0.0,0.0,0.0,0.0,0.0
144146429,005930,70500.0,9229223,0.0,70520.0,50.0,99.97163925127623,63.63636363636363,65.15151515151514,1.0,1.591642796883435,0.0,0.0,0.0,50.0,-0.07087172218284904,0.0,0.0,0.0,0.0,0.0,0.0,0.0,0.0,0.0,0.0,0,0,0,0,0,0,0,0.0,0.0,0.0,0.0,0.0,0.0,0.0,0.0,0.0,0.0,0.0
144146522,005930,70500.0,9229233,0.0,70510.0,44.44444444444444,99.98581761452276,63.63636363636363,63.63636363636363,1.0,1.5842079628080332,0.0,0.0,0.0,0.0,-0.07087172218284904,0.0,0.0,0.0,0.0,0.0,0.0,0.0,0.0,0.0,0.0,0,0,0,0,0,0,0,0.0,0.0,0.0,0.0,0.0,0.0,0.0,0.0,0.0,0.0,0.0
144146616,005930,70500.0,9229321,0.0,70510.0,50.0,99.98581761452276,63.63636363636363,63.63636363636363,1.0,1.5970181588685604,0.0,0.0,0.0,0.0,-0.07087172218284904,0.0,0.0,0.0,0.0,0.0,0.0,0.0,0.0,0.0,0.0,0,0,0,0,0,0,0,0.0,0.0,0.0,0.0,0.0,0.0,0.0,0.0,0.0,0.0,0.0
144146925,005930,70500.0,9229358,0.0,70500.0,42.857142857142854,100.0,63.63636363636363,63.63636363636363,1.0,1.5964975548487552,0.0,0.0,0.0,0.0,0.0,0.0,0.0,0.0,0.0,0.0,0.0,0.0,0.0,0.0,0.0,0,0,0,0,0,0,0,0.0,0.0,0.0,0.0,0.0,0.0,0.0,0.0,0.0,0.0,0.0
144146926,005930,70500.0,9229368,0.0,70500.0,50.0,100.0,63.63636363636363,63.63636363636363,1.0,1.5890740696072843,0.0,0.0,0.0,0.0,0.0,0.0,0.0,0.0,0.0,0.0,0.0,0.0,0.0,0.0,0.0,0,0,0,0,0,0,0,0.0,0.0,0.0,0.0,0.0,0.0,0.0,0.0,0.0,0.0,0.0
144148325,005930,70550.0,9229370,0.0,70510.0,57.142857142857146,100.05672954190894,68.18181818181817,65.15151515151514,1.0,1.5797454255172656,9229370.0,0.0,0.0,50.0,0.07092198581560284,0.0,0.0,0.0,0.0,0.0,0.0,0.0,0.0,0.0,0.0,0,0,0,0,0,0,0,0.0,0.0,0.0,0.0,0.0,0.0,0.0,0.0,0.0,0.0,0.0
144148528,005930,70550.0,9229372,0.0,70520.0,57.142857142857146,100.04254112308566,68.18181818181817,66.66666666666667,1.0,1.570588528618422,0.0,0.0,0.0,-50.0,0.07092198581560284,0.0,0.0,0.0,0.0,0.0,0.0,0.0,0.0,0.0,0.0,0,0,0,0,0,0,0,0.0,0.0,0.0,0.0,0.0,0.0,0.0,0.0,0.0,0.0,0.0
144148530,005930,70550.0,9229385,0.0,70530.0,57.142857142857146,100.02835672763364,68.18181818181817,68.18181818181817,1.0,1.564396959665001,0.0,0.0,0.0,0.0,0.07092198581560284,0.0,0.0,0.0,0.0,0.0,0.0,0.0,0.0,0.0,0.0,0,0,0,0,0,0,0,0.0,0.0,0.0,0.0,0.0,0.0,0.0,0.0,0.0,0.0,0.0
144148822,005930,70500.0,9229388,0.0,70530.0,42.857142857142854,99.95746490854955,63.63636363636363,66.66666666666666,1.0,1.5557819741695853,-9229388.0,0.0,0.0,-50.0,0.0,0.0,0.0,0.0,0.0,0.0,0.0,0.0,0.0,0.0,0.0,0,0,0,0,0,0,0,0.0,0.0,0.0,0.0,0.0,0.0,0.0,0.0,0.0,0.0,0.0
144150124,005930,70550.0,9229482,0.0,70540.0,57.142857142857146,100.0141763538418,68.18181818181817,66.66666666666667,1.0,1.5703601668285765,9229482.0,0.0,0.0,100.0,0.07092198581560284,0.0,0.0,0.0,0.0,0.0,0.0,0.0,0.0,0.0,0.0,0,0,0,0,0,0,0,0.0,0.0,0.0,0.0,0.0,0.0,0.0,0.0,0.0,0.0,0.0
144150125,005930,70600.0,9229726,0.0,70550.0,57.142857142857146,100.07087172218286,72.72727272727273,68.18181818181819,1.0,1.6225480526022373,9229726.0,0.0,0.0,0.0,0.14184397163120568,0.0,0.0,0.0,0.0,0.0,0.0,0.0,0.0,0.0,0.0,0,0,0,0,0,0,0,0.0,0.0,0.0,0.0,0.0,0.0,0.0,0.0,0.0,0.0,0.0
144150326,005930,70600.0,9229798,0.0,70560.0,66.66666666666666,100.05668934240364,72.72727272727273,71.2121212121212,1.0,1.630523459758032,0.0,0.0,0.0,-50.0,0.14184397163120568,0.0,0.0,0.0,0.0,0.0,0.0,0.0,0.0,0.0,0.0,0,0,0,0,0,0,0,0.0,0.0,0.0,0.0,0.0,0.0,0.0,0.0,0.0,0.0,0.0
144150918,005930,70500.0,9229826,0.0,70550.0,42.857142857142854,99.92912827781714,63.63636363636363,69.6969696969697,1.0,1.6273230323826033,-9229826.0,0.0,0.0,-100.0,0.0,0.0,0.0,0.0,0.0,0.0,0.0,0.0,0.0,0.0,0.0,0,0,0,0,0,0,0,0.0,0.0,0.0,0.0,0.0,0.0,0.0,0.0,0.0,0.0,0.0
144151229,005930,70500.0,9229859,0.0,70550.0,50.0,99.92912827781714,63.63636363636363,66.66666666666667,1.0,1.6254374470840856,0.0,0.0,0.0,100.0,-0.141643059490085,0.0,0.0,0.0,0.0,0.0,0.0,0.0,0.0,0.0,0.0,0,0,0,0,0,0,0,0.0,0.0,0.0,0.0,0.0,0.0,0.0,0.0,0.0,0.0,0.0
144151630,005930,70500.0,9229864,0.0,70540.0,50.0,99.94329458463284,63.63636363636363,63.63636363636363,1.0,1.616607574684593,0.0,0.0,0.0,0.0,-0.141643059490085,0.0,0.0,0.0,0.0,0.0,0.0,0.0,0.0,0.0,0.0,0,0,0,0,0,0,0,0.0,0.0,0.0,0.0,0.0,0.0,0.0,0.0,0.0,0.0,0.0
144153524,005930,70500.0,9229916,0.0,70520.0,50.0,99.97163925127623,63.63636363636363,63.63636363636363,1.0,1.6196340925204453,0.0,0.0,0.0,0.0,0.0,0.0,0.0,0.0,0.0,0.0,0.0,0.0,0.0,0.0,0.0,0,0,0,0,0,0,0,0.0,0.0,0.0,0.0,0.0,0.0,0.0,0.0,0.0,0.0,0.0
144154024,005930,70600.0,9229921,0.0,70520.0,62.50000000000001,100.11344299489507,72.72727272727273,66.66666666666667,1.0,1.6109524882007087,9229921.0,0.0,0.0,100.0,0.14184397163120568,0.0,0.0,0.0,0.0,0.0,0.0,0.0,0.0,0.0,0.0,0,0,0,0,0,0,0,0.0,0.0,0.0,0.0,0.0,0.0,0.0,0.0,0.0,0.0,0.0
144154225,005930,70600.0,9229924,0.0,70540.0,62.50000000000001,100.08505812305076,72.72727272727273,69.6969696969697,1.0,1.6019346422540628,0.0,0.0,0.0,-100.0,0.14184397163120568,0.0,0.0,0.0,0.0,0.0,0.0,0.0,0.0,0.0,0.0,0,0,0,0,0,0,0,0.0,0.0,0.0,0.0,0.0,0.0,0.0,0.0,0.0,0.0,0.0
144154922,005930,70500.0,9230143,0.0,70540.0,50.0,99.94329458463284,63.63636363636363,69.6969696969697,1.0,1.6463802016960445,-9230143.0,0.0,0.0,-100.0,0.0,0.0,0.0,0.0,0.0,0.0,0.0,0.0,0.0,0.0,0.0,0,0,0,0,0,0,0,0.0,0.0,0.0,0.0,0.0,0.0,0.0,0.0,0.0,0.0,0.0
144155915,005930,70500.0,9230168,0.0,70540.0,44.44444444444444,99.94329458463284,63.63636363636363,66.66666666666667,1.0,1.6423063374589457,0.0,0.0,0.0,100.0,-0.141643059490085,0.0,0.0,0.0,0.0,0.0,0.0,0.0,0.0,0.0,0.0,0,0,0,0,0,0,0,0.0,0.0,0.0,0.0,0.0,0.0,0.0,0.0,0.0,0.0,0.0
144156224,005930,70600.0,9230235,0.0,70560.0,54.54545454545455,100.05668934240364,72.72727272727273,66.66666666666667,1.0,1.6486120776943096,9230235.0,0.0,0.0,100.0,0.14184397163120568,0.0,0.0,0.0,0.0,0.0,0.0,0.0,0.0,0.0,0.0,0,0,0,0,0,0,0,0.0,0.0,0.0,0.0,0.0,0.0,0.0,0.0,0.0,0.0,0.0
144157517,005930,70500.0,9230239,0.0,70540.0,46.15384615384615,99.94329458463284,63.63636363636363,66.66666666666667,1.0,1.6394013848208826,-9230239.0,0.0,0.0,-200.0,-0.141643059490085,0.0,0.0,0.0,0.0,0.0,0.0,0.0,0.0,0.0,0.0,0,0,0,0,0,0,0,0.0,0.0,0.0,0.0,0.0,0.0,0.0,0.0,0.0,0.0,0.0
144157824,005930,70500.0,9230365,0.0,70520.0,50.0,99.97163925127623,63.63636363636363,66.66666666666667,1.0,1.6601119251055956,0.0,0.0,0.0,100.0,-0.141643059490085,0.0,0.0,0.0,0.0,0.0,0.0,0.0,0.0,0.0,0.0,0,0,0,0,0,0,0,0.0,0.0,0.0,0.0,0.0,0.0,0.0,0.0,0.0,0.0,0.0
144158321,005930,70600.0,9230535,0.0,70540.0,53.846153846153854,100.08505812305076,72.72727272727273,66.66666666666667,1.0,1.6911358259442442,9230535.0,0.0,0.0,100.0,0.0,0.0,0.0,0.0,0.0,0.0,0.0,0.0,0.0,0.0,0.0,0,0,0,0,0,0,0,0.0,0.0,0.0,0.0,0.0,0.0,0.0,0.0,0.0,0.0,0.0
