time,stock_code,current_price,volume,ma5,rsi14,disparity,stoch_k,stoch_d,vol_ratio,z_vol,obv_delta,spread,bid_ask_imbalance,accel_delta,ret_1s,ask1,ask2,ask3,ask4,ask5,bid1,bid2,bid3,bid4,bid5,ask1_qty,ask2_qty,ask3_qty,ask4_qty,ask5_qty,bid1_qty,bid2_qty,bid3_qty,bid4_qty,bid5_qty,indiv_net_vol,foreign_net_vol,inst_net_vol,pension_net_vol,trust_net_vol,insurance_net_vol,private_fund_net_vol,bank_net_vol,state_net_vol,other_net_vol,prog_net_vol
143923983,005930,69900.0,7979807,69900.0,50.0,100.0,50.0,50.0,1.0,0.0,0.0,0.0,0.0,0.0,0.0,0.0,0.0,0.0,0.0,0.0,0.0,0.0,0.0,0.0,0.0,0,0,0,0,0,0,0,0,0,0,0.0,0.0,0.0,0.0,0.0,0.0,0.0,0.0,0.0,0.0,0.0
143923986,005930,69900.0,7979907,69900.0,50.0,100.0,50.0,50.0,1.000006265776442,0.0,0.0,0.0,0.0,0.0,0.0,0.0,0.0,0.0,0.0,0.0,0.0,0.0,0.0,0.0,0.0,0,0,0,0,0,0,0,0,0,0,0.0,0.0,0.0,0.0,0.0,0.0,0.0,0.0,0.0,0.0,0.0
143923989,005930,69900.0,7980074,69900.0,50.0,100.0,50.0,50.0,1.00001812881551,0.0,0.0,0.0,0.0,0.0,0.0,0.0,0.0,0.0,0.0,0.0,0.0,0.0,0.0,0.0,0.0,0,0,0,0,0,0,0,0,0,0,0.0,0.0,0.0,0.0,0.0,0.0,0.0,0.0,0.0,0.0,0.0
143923991,005930,69900.0,1000000,69900.0,50.0,100.0,50.0,50.0,0.16038628716491093,0.0,0.0,100.0,0.20308510493559345,0.0,0.0,70000.0,70100.0,70200.0,70300.0,70400.0,69900.0,69800.0,69700.0,69600.0,69500.0,111581,193943,74611,114641,32384,226462,197325,107453,95048,169554,0.0,0.0,0.0,0.0,0.0,0.0,0.0,0.0,0.0,0.0,0.0
143924004,005930,69900.0,7980102,69900.0,50.0,100.0,50.0,50.0,1.212048703686434,0.0,0.0,100.0,0.20308510493559345,0.0,0.0,70000.0,70100.0,70200.0,70300.0,70400.0,69900.0,69800.0,69700.0,69600.0,69500.0,111581,193943,74611,114641,32384,226462,197325,107453,95048,169554,0.0,0.0,0.0,0.0,0.0,0.0,0.0,0.0,0.0,0.0,0.0
143924006,005930,69950.0,7980122,69910.0,50.0,100.05721642111286,50.0,50.0,1.17067770053466,0.0,7980122.0,100.0,0.20308510493559345,50.0,0.0,70000.0,70100.0,70200.0,70300.0,70400.0,69900.0,69800.0,69700.0,69600.0,69500.0,111581,193943,74611,114641,32384,226462,197325,107453,95048,169554,0.0,0.0,0.0,0.0,0.0,0.0,0.0,0.0,0.0,0.0,0.0
143924007,005930,69900.0,1000000,69910.0,50.0,99.98569589472179,50.0,50.0,0.16706439129420775,0.0,-1000000.0,100.0,0.20297425647367967,-100.0,0.0,70000.0,70100.0,70200.0,70300.0,70400.0,69900.0,69800.0,69700.0,69600.0,69500.0,111581,193943,74611,114641,32384,226278,197325,107453,95048,169554,0.0,0.0,0.0,0.0,0.0,0.0,0.0,0.0,0.0,0.0,0.0
143924424,005930,69900.0,7980123,69910.0,50.0,99.98569589472179,50.0,50.0,1.2798879553954696,0.0,0.0,100.0,0.20297425647367967,50.0,0.0,70000.0,70100.0,70200.0,70300.0,70400.0,69900.0,69800.0,69700.0,69600.0,69500.0,111581,193943,74611,114641,32384,226278,197325,107453,95048,169554,0.0,0.0,0.0,0.0,0.0,0.0,0.0,0.0,0.0,0.0,0.0
143924425,005930,69900.0,1000000,69910.0,50.0,99.98569589472179,50.0,50.0,0.17688632312001532,0.0,0.0,100.0,0.2030134184202231,0.0,0.0,70000.0,70100.0,70200.0,70300.0,70400.0,69900.0,69800.0,69700.0,69600.0,69500.0,111581,193943,74611,114641,32384,226343,197325,107453,95048,169554,0.0,0.0,0.0,0.0,0.0,0.0,0.0,0.0,0.0,0.0,0.0
143924439,005930,69900.0,1000000,69910.0,50.0,99.98569589472179,50.0,50.0,0.19275200421124578,-1.2247448709267783,0.0,100.0,0.20303510645776499,0.0,0.0,70000.0,70100.0,70200.0,70300.0,70400.0,69900.0,69800.0,69700.0,69600.0,69500.0,111581,193943,74611,114641,32384,226379,197325,107453,95048,169554,0.0,0.0,0.0,0.0,0.0,0.0,0.0,0.0,0.0,0.0,0.0
143924485,005930,69900.0,7981643,69900.0,50.0,100.0,50.0,50.0,1.4666800073997133,0.7563425999907964,0.0,100.0,0.20303510645776499,0.0,0.0,70000.0,70100.0,70200.0,70300.0,70400.0,69900.0,69800.0,69700.0,69600.0,69500.0,111581,193943,74611,114641,32384,226379,197325,107453,95048,169554,0.0,0.0,0.0,0.0,0.0,0.0,0.0,0.0,0.0,0.0,0.0
143924596,005930,69900.0,1000000,69900.0,50.0,100.0,50.0,50.0,0.19716808141885045,-1.1832159468800885,0.0,100.0,0.20212560664320184,0.0,0.0,70000.0,70100.0,70200.0,70300.0,70400.0,69900.0,69800.0,69700.0,69600.0,69500.0,111581,193943,74611,114641,32384,224871,197325,107453,95048,169554,0.0,0.0,0.0,0.0,0.0,0.0,0.0,0.0,0.0,0.0,0.0
143924688,005930,69950.0,7981644,69910.0,50.0,100.05721642111286,50.0,50.0,1.5072082268077842,0.7909275455201565,7981644.0,100.0,0.20212560664320184,50.0,0.0,70000.0,70100.0,70200.0,70300.0,70400.0,69900.0,69800.0,69700.0,69600.0,69500.0,111581,193943,74611,114641,32384,224871,197325,107453,95048,169554,0.0,0.0,0.0,0.0,0.0,0.0,0.0,0.0,0.0,0.0,0.0
143924796,005930,69900.0,1000000,69910.0,50.0,99.98569589472179,0.0,50.0,0.20044836863806587,-1.1547005244512,-1000000.0,100.0,0.2021352674041018,-100.0,0.0,70000.0,70100.0,70200.0,70300.0,70400.0,69900.0,69800.0,69700.0,69600.0,69500.0,111581,193943,74611,114641,32384,224877,197325,107453,95058,169554,0.0,0.0,0.0,0.0,0.0,0.0,0.0,0.0,0.0,0.0,0.0
143924999,005930,69900.0,1000000,69910.0,49.99999999965,99.98569589472179,0.0,50.0,0.21173454890420174,-1.06904495580747,0.0,100.0,0.20213707877072565,50.0,0.0,70000.0,70100.0,70200.0,70300.0,70400.0,69900.0,69800.0,69700.0,69600.0,69500.0,111581,193943,74611,114641,32384,224880,197325,107453,95058,169554,0.0,0.0,0.0,0.0,0.0,0.0,0.0,0.0,0.0,0.0,0.0
143925190,005930,69900.0,1000000,69910.0,49.99999999965,99.98569589472179,0.0,0.0,0.2227065408994577,-0.9999999896611032,0.0,100.0,0.20241351763538212,0.0,0.0,70000.0,70100.0,70200.0,70300.0,70400.0,69900.0,69800.0,69700.0,69600.0,69500.0,111581,193943,74611,114641,32384,225338,197325,107453,95058,169554,0.0,0.0,0.0,0.0,0.0,0.0,0.0,0.0,0.0,0.0,0.0
143925391,005930,69900.0,1000000,69910.0,49.99999999965,99.98569589472179,0.0,0.0,0.2333772842247856,-0.9428090323759915,0.0,100.0,0.20301823808613106,0.0,0.0,70000.0,70100.0,70200.0,70300.0,70400.0,69900.0,69800.0,69700.0,69600.0,69500.0,111581,193943,74611,114641,32384,226338,197325,107453,95061,169554,0.0,0.0,0.0,0.0,0.0,0.0,0.0,0.0,0.0,0.0,0.0
143925484,005930,69900.0,7981645,69900.0,49.99999999965,100.0,0.0,0.0,1.7775377779767259,1.0003099914519529,0.0,100.0,0.20301823808613106,0.0,0.0,70000.0,70100.0,70200.0,70300.0,70400.0,69900.0,69800.0,69700.0,69600.0,69500.0,111581,193943,74611,114641,32384,226338,197325,107453,95061,169554,0.0,0.0,0.0,0.0,0.0,0.0,0.0,0.0,0.0,0.0,0.0
143925594,005930,69900.0,1000000,69900.0,49.99999999965,100.0,0.0,0.0,0.23220268185053855,-0.9486832870616101,0.0,100.0,0.20301763563108044,0.0,0.0,70000.0,70100.0,70200.0,70300.0,70400.0,69900.0,69800.0,69700.0,69600.0,69500.0,111581,193943,74611,114641,32384,226337,197325,107453,95061,169554,0.0,0.0,0.0,0.0,0.0,0.0,0.0,0.0,0.0,0.0,0.0
143925686,005930,69950.0,7981646,69910.0,49.99999999965,100.05721642111286,10.0,3.3333333333333335,1.7775165649365208,1.0002792436669237,7981646.0,100.0,0.20301763563108044,50.0,0.07153075822603719,70000.0,70100.0,70200.0,70300.0,70400.0,69900.0,69800.0,69700.0,69600.0,69500.0,111581,193943,74611,114641,32384,226337,197325,107453,95061,169554,0.0,0.0,0.0,0.0,0.0,0.0,0.0,0.0,0.0,0.0,0.0
143925795,005930,69900.0,7981648,69910.0,49.99999999965,99.98569589472179,0.0,3.3333333333333335,1.7774805727302991,0.953717252087265,-7981648.0,100.0,0.20301763563108044,-100.0,-0.07147962830593281,70000.0,70100.0,70200.0,70300.0,70400.0,69900.0,69800.0,69700.0,69600.0,69500.0,111581,193943,74611,114641,32384,226337,197325,107453,95061,169554,0.0,0.0,0.0,0.0,0.0,0.0,0.0,0.0,0.0,0.0,0.0
143925796,005930,69900.0,1000000,69910.0,49.99999999965,99.98569589472179,0.0,3.3333333333333335,0.24146235299485214,-0.9999999864374198,0.0,100.0,0.20310678907181803,50.0,0.0,70000.0,70100.0,70200.0,70300.0,70400.0,69900.0,69800.0,69700.0,69600.0,69500.0,111581,193943,74611,114641,32384,226480,197325,107453,95061,169559,0.0,0.0,0.0,0.0,0.0,0.0,0.0,0.0,0.0,0.0,0.0
143925998,005930,69900.0,7981660,69910.0,49.99999999965,99.98569589472179,0.0,0.0,1.9272335018060374,0.9576636552688307,0.0,100.0,0.20310678907181803,0.0,0.0,70000.0,70100.0,70200.0,70300.0,70400.0,69900.0,69800.0,69700.0,69600.0,69500.0,111581,193943,74611,114641,32384,226480,197325,107453,95061,169559,0.0,0.0,0.0,0.0,0.0,0.0,0.0,0.0,0.0,0.0,0.0
143925999,005930,69950.0,7981710,69920.0,59.999999999664,100.0429061784897,10.0,3.3333333333333335,1.7774273071900915,0.9200983833066387,7981710.0,100.0,0.20310678907181803,50.0,0.07153075822603719,70000.0,70100.0,70200.0,70300.0,70400.0,69900.0,69800.0,69700.0,69600.0,69500.0,111581,193943,74611,114641,32384,226480,197325,107453,95061,169559,0.0,0.0,0.0,0.0,0.0,0.0,0.0,0.0,0.0,0.0,0.0
143926000,005930,69900.0,1000000,69910.0,49.999999999766665,99.98569589472179,0.0,3.3333333333333335,0.2414530421942451,-1.040832984811571,-1000000.0,100.0,0.2031230513995911,-100.0,0.0,70000.0,70100.0,70200.0,70300.0,70400.0,69900.0,69800.0,69700.0,69600.0,69500.0,111581,193943,74611,114641,32384,226477,197325,107453,95091,169559,0.0,0.0,0.0,0.0,0.0,0.0,0.0,0.0,0.0,0.0,0.0
143926183,005930,69900.0,1000000,69910.0,49.999999999766665,99.98569589472179,0.0,3.3333333333333335,0.2636723368128282,-0.9999999862373352,0.0,100.0,0.20312184680548093,50.0,0.0,70000.0,70100.0,70200.0,70300.0,70400.0,69900.0,69800.0,69700.0,69600.0,69500.0,111581,193943,74611,114641,32384,226480,197320,107453,95091,169559,0.0,0.0,0.0,0.0,0.0,0.0,0.0,0.0,0.0,0.0,0.0
143926389,005930,69900.0,1000000,69910.0,39.999999999775994,99.98569589472179,0.0,0.0,0.2636723368128282,-0.96362409887104,0.0,100.0,0.20306161245628185,0.0,0.0,70000.0,70100.0,70200.0,70300.0,70400.0,69900.0,69800.0,69700.0,69600.0,69500.0,111581,193943,74611,114641,32384,226380,197320,107453,95091,169559,0.0,0.0,0.0,0.0,0.0,0.0,0.0,0.0,0.0,0.0,0.0
143926481,005930,69900.0,7982767,69910.0,49.99999999965,99.98569589472179,0.0,0.0,2.104761462435589,1.000496020225422,0.0,100.0,0.20306161245628185,0.0,0.0,70000.0,70100.0,70200.0,70300.0,70400.0,69900.0,69800.0,69700.0,69600.0,69500.0,111581,193943,74611,114641,32384,226380,197320,107453,95091,169559,0.0,0.0,0.0,0.0,0.0,0.0,0.0,0.0,0.0,0.0,0.0
143926589,005930,69900.0,1000000,69900.0,49.99999999965,100.0,0.0,0.0,0.2636631461792119,-0.9660917667260391,0.0,100.0,0.20242437813278705,0.0,0.0,70000.0,70100.0,70200.0,70300.0,70400.0,69900.0,69800.0,69700.0,69600.0,69500.0,111581,193943,74611,114641,32384,225323,197320,107453,95091,169559,0.0,0.0,0.0,0.0,0.0,0.0,0.0,0.0,0.0,0.0,0.0
143926683,005930,69900.0,7982806,69900.0,49.99999999965,100.0,0.0,0.0,1.9273488209139547,1.0004733684563565,0.0,100.0,0.20242437813278705,0.0,0.0,70000.0,70100.0,70200.0,70300.0,70400.0,69900.0,69800.0,69700.0,69600.0,69500.0,111581,193943,74611,114641,32384,225323,197320,107453,95091,169559,0.0,0.0,0.0,0.0,0.0,0.0,0.0,0.0,0.0,0.0,0.0
143926684,005930,69900.0,7982889,69900.0,49.99999999965,100.0,0.0,0.0,1.927339870034935,0.9687121434560174,0.0,100.0,0.20242437813278705,0.0,0.0,70000.0,70100.0,70200.0,70300.0,70400.0,69900.0,69800.0,69700.0,69600.0,69500.0,111581,193943,74611,114641,32384,225323,197320,107453,95091,169559,0.0,0.0,0.0,0.0,0.0,0.0,0.0,0.0,0.0,0.0,0.0
143926685,005930,69900.0,7982890,69900.0,49.99999999965,100.0,0.0,0.0,1.777504791318719,0.9397762056725896,0.0,100.0,0.20242437813278705,0.0,0.0,70000.0,70100.0,70200.0,70300.0,70400.0,69900.0,69800.0,69700.0,69600.0,69500.0,111581,193943,74611,114641,32384,225323,197320,107453,95091,169559,0.0,0.0,0.0,0.0,0.0,0.0,0.0,0.0,0.0,0.0,0.0
143926789,005930,69900.0,7982892,69900.0,49.99999999965,100.0,0.0,0.0,1.7774805398817821,0.9132877139531693,0.0,100.0,0.20242437813278705,0.0,-0.07147962830593281,70000.0,70100.0,70200.0,70300.0,70400.0,69900.0,69800.0,69700.0,69600.0,69500.0,111581,193943,74611,114641,32384,225323,197320,107453,95091,169559,0.0,0.0,0.0,0.0,0.0,0.0,0.0,0.0,0.0,0.0,0.0
143926792,005930,69900.0,7982894,69900.0,33.333333333022225,100.0,0.0,0.0,1.6492654592049971,0.8889198202459994,0.0,100.0,0.20242437813278705,0.0,-0.07147962830593281,70000.0,70100.0,70200.0,70300.0,70400.0,69900.0,69800.0,69700.0,69600.0,69500.0,111581,193943,74611,114641,32384,225323,197320,107453,95091,169559,0.0,0.0,0.0,0.0,0.0,0.0,0.0,0.0,0.0,0.0,0.0
143926793,005930,69900.0,7982926,69900.0,49.9999999993,100.0,0.0,0.0,1.5383083421107293,0.8664121358666288,0.0,100.0,0.20242437813278705,0.0,-0.07147962830593281,70000.0,70100.0,70200.0,70300.0,70400.0,69900.0,69800.0,69700.0,69600.0,69500.0,111581,193943,74611,114641,32384,225323,197320,107453,95091,169559,0.0,0.0,0.0,0.0,0.0,0.0,0.0,0.0,0.0,0.0,0.0
143926794,005930,69900.0,7982977,69900.0,49.9999999993,100.0,0.0,0.0,1.441343271522826,0.845538070383701,0.0,100.0,0.20242437813278705,0.0,-0.07147962830593281,70000.0,70100.0,70200.0,70300.0,70400.0,69900.0,69800.0,69700.0,69600.0,69500.0,111581,193943,74611,114641,32384,225323,197320,107453,95091,169559,0.0,0.0,0.0,0.0,0.0,0.0,0.0,0.0,0.0,0.0,0.0
143926795,005930,69900.0,1000000,69900.0,49.9999999993,100.0,0.0,0.0,0.18055210124278526,-1.1456438873486174,0.0,100.0,0.20230105755140423,0.0,0.0,70000.0,70100.0,70200.0,70300.0,70400.0,69900.0,69800.0,69700.0,69600.0,69500.0,111631,193943,74611,114641,32384,225144,197370,107453,95091,169559,0.0,0.0,0.0,0.0,0.0,0.0,0.0,0.0,0.0,0.0,0.0
143926993,005930,69900.0,1000000,69900.0,0.0,100.0,0.0,0.0,0.1926973392977656,-1.1114378263272695,0.0,100.0,0.2022527760607741,0.0,0.0,70000.0,70100.0,70200.0,70300.0,70400.0,69900.0,69800.0,69700.0,69600.0,69500.0,111631,193943,74611,114641,32384,225063,197370,107454,95091,169559,0.0,0.0,0.0,0.0,0.0,0.0,0.0,0.0,0.0,0.0,0.0
143927196,005930,69900.0,1000000,69900.0,100.0,100.0,0.0,0.0,0.1926973392977656,-1.080123417589139,0.0,100.0,0.20225639737530385,0.0,0.0,70000.0,70100.0,70200.0,70300.0,70400.0,69900.0,69800.0,69700.0,69600.0,69500.0,111631,193943,74611,114641,32384,225069,197370,107454,95091,169559,0.0,0.0,0.0,0.0,0.0,0.0,0.0,0.0,0.0,0.0,0.0
143927381,005930,69900.0,1000000,69900.0,100.0,100.0,0.0,0.0,0.20659437041290127,-1.0513149356742655,0.0,100.0,0.20227872808842554,0.0,0.0,70000.0,70100.0,70200.0,70300.0,70400.0,69900.0,69800.0,69700.0,69600.0,69500.0,111631,193943,74611,114641,32384,225101,197370,107457,95091,169561,0.0,0.0,0.0,0.0,0.0,0.0,0.0,0.0,0.0,0.0,0.0
143927584,005930,69900.0,1000000,69900.0,100.0,100.0,0.0,0.0,0.22265166533259356,-1.0246950477421437,0.0,100.0,0.20228234916734503,0.0,0.0,70000.0,70100.0,70200.0,70300.0,70400.0,69900.0,69800.0,69700.0,69600.0,69500.0,111631,193943,74611,114641,32384,225102,197375,107457,95091,169561,0.0,0.0,0.0,0.0,0.0,0.0,0.0,0.0,0.0,0.0,0.0
143927801,005930,69900.0,7982978,69900.0,100.0,100.0,0.0,0.0,1.6492156561384763,0.9538245137889881,0.0,100.0,0.20228234916734503,0.0,0.0,70000.0,70100.0,70200.0,70300.0,70400.0,69900.0,69800.0,69700.0,69600.0,69500.0,111631,193943,74611,114641,32384,225102,197375,107457,95091,169561,0.0,0.0,0.0,0.0,0.0,0.0,0.0,0.0,0.0,0.0,0.0
143927803,005930,69900.0,1000000,69900.0,100.0,100.0,0.0,0.0,0.22264839846947482,-1.023532602329068,0.0,100.0,0.20228114214469123,0.0,0.0,70000.0,70100.0,70200.0,70300.0,70400.0,69900.0,69800.0,69700.0,69600.0,69500.0,111631,193943,74611,114641,32384,225101,197374,107457,95091,169561,0.0,0.0,0.0,0.0,0.0,0.0,0.0,0.0,0.0,0.0,0.0
143927988,005930,69900.0,1000000,69900.0,100.0,100.0,0.0,0.0,0.24141172070078587,-0.9999999722214123,0.0,100.0,0.20228174565647472,0.0,0.0,70000.0,70100.0,70200.0,70300.0,70400.0,69900.0,69800.0,69700.0,69600.0,69500.0,111631,193943,74611,114641,32384,225102,197374,107457,95091,169561,0.0,0.0,0.0,0.0,0.0,0.0,0.0,0.0,0.0,0.0,0.0
143928189,005930,69900.0,1000000,69900.0,100.0,100.0,0.0,0.0,0.24141172070078587,-0.9780192672662653,0.0,100.0,0.20235114342126165,0.0,0.0,70000.0,70100.0,70200.0,70300.0,70400.0,69900.0,69800.0,69700.0,69600.0,69500.0,111631,193943,74611,114641,32384,225215,197374,107457,95093,169561,0.0,0.0,0.0,0.0,0.0,0.0,0.0,0.0,0.0,0.0,0.0
143928393,005930,69900.0,1000000,69900.0,100.0,100.0,0.0,0.0,0.24141172070078587,-0.957427082268531,0.0,100.0,0.20234872978865365,0.0,0.0,70000.0,70100.0,70200.0,70300.0,70400.0,69900.0,69800.0,69700.0,69600.0,69500.0,111631,193943,74611,114641,32384,225211,197374,107457,95093,169561,0.0,0.0,0.0,0.0,0.0,0.0,0.0,0.0,0.0,0.0,0.0
143928403,005930,69900.0,7983178,69900.0,100.0,100.0,0.0,0.0,1.777412749220056,1.0219085196360513,0.0,100.0,0.20234872978865365,0.0,0.0,70000.0,70100.0,70200.0,70300.0,70400.0,69900.0,69800.0,69700.0,69600.0,69500.0,111631,193943,74611,114641,32384,225211,197374,107457,95093,169561,0.0,0.0,0.0,0.0,0.0,0.0,0.0,0.0,0.0,0.0,0.0
143928595,005930,69950.0,7983201,69910.0,100.0,100.05721642111286,10.0,3.3333333333333335,1.7774092826898065,1.0003902097758843,7983201.0,100.0,0.20234872978865365,50.0,0.07153075822603719,70000.0,70100.0,70200.0,70300.0,70400.0,69900.0,69800.0,69700.0,69600.0,69500.0,111631,193943,74611,114641,32384,225211,197374,107457,95093,169561,0.0,0.0,0.0,0.0,0.0,0.0,0.0,0.0,0.0,0.0,0.0
143928596,005930,69900.0,1000000,69910.0,49.9999999993,99.98569589472179,0.0,3.3333333333333335,0.2226436842426749,-0.9797958693962362,-1000000.0,100.0,0.20223406541193417,-100.0,0.0,70000.0,70100.0,70200.0,70300.0,70400.0,69900.0,69800.0,69700.0,69600.0,69500.0,111631,193943,74611,114641,32384,225021,197374,107457,95093,169561,0.0,0.0,0.0,0.0,0.0,0.0,0.0,0.0,0.0,0.0,0.0
143928606,005930,69900.0,7983202,69910.0,49.9999999993,99.98569589472179,0.0,3.3333333333333335,1.7774016699338187,1.0003748719921115,0.0,100.0,0.20223406541193417,50.0,0.0,70000.0,70100.0,70200.0,70300.0,70400.0,69900.0,69800.0,69700.0,69600.0,69500.0,111631,193943,74611,114641,32384,225021,197374,107457,95093,169561,0.0,0.0,0.0,0.0,0.0,0.0,0.0,0.0,0.0,0.0,0.0
143928781,005930,69900.0,7983203,69910.0,49.9999999993,99.98569589472179,0.0,0.0,1.7773956797069268,0.9809414704266103,0.0,100.0,0.20223406541193417,0.0,0.0,70000.0,70100.0,70200.0,70300.0,70400.0,69900.0,69800.0,69700.0,69600.0,69500.0,111631,193943,74611,114641,32384,225021,197374,107457,95093,169561,0.0,0.0,0.0,0.0,0.0,0.0,0.0,0.0,0.0,0.0,0.0
143928783,005930,69900.0,1000000,69910.0,49.9999999993,99.98569589472179,0.0,0.0,0.24140754795219954,-0.9999999706461756,0.0,100.0,0.20226001865695636,0.0,0.0,70000.0,70100.0,70200.0,70300.0,70400.0,69900.0,69800.0,69700.0,69600.0,69500.0,111631,193943,74611,114641,32384,225064,197374,107457,95093,169561,0.0,0.0,0.0,0.0,0.0,0.0,0.0,0.0,0.0,0.0,0.0
143928889,005930,69950.0,7983204,69910.0,66.66666666604445,100.05721642111286,10.0,3.3333333333333335,1.9271984446942763,0.9816544623516484,7983204.0,100.0,0.20226001865695636,50.0,0.07153075822603719,70000.0,70100.0,70200.0,70300.0,70400.0,69900.0,69800.0,69700.0,69600.0,69500.0,111631,193943,74611,114641,32384,225064,197374,107457,95093,169561,0.0,0.0,0.0,0.0,0.0,0.0,0.0,0.0,0.0,0.0,0.0
143928997,005930,69900.0,7983205,69910.0,49.99999999965,99.98569589472179,0.0,3.3333333333333335,1.9271914516685082,0.963959837001112,-7983205.0,100.0,0.20226001865695636,-100.0,0.0,70000.0,70100.0,70200.0,70300.0,70400.0,69900.0,69800.0,69700.0,69600.0,69500.0,111631,193943,74611,114641,32384,225064,197374,107457,95093,169561,0.0,0.0,0.0,0.0,0.0,0.0,0.0,0.0,0.0,0.0,0.0
143928998,005930,69900.0,1000000,69910.0,49.99999999965,99.98569589472179,0.0,3.3333333333333335,0.2636256637896495,-1.0183501239204682,0.0,100.0,0.20226001865695636,50.0,0.0,70000.0,70100.0,70200.0,70300.0,70400.0,69900.0,69800.0,69700.0,69600.0,69500.0,111631,193943,74611,114641,32384,225063,197375,107457,95093,169561,0.0,0.0,0.0,0.0,0.0,0.0,0.0,0.0,0.0,0.0,0.0
143929197,005930,69900.0,1000000,69910.0,49.99999999965,99.98569589472179,0.0,0.0,0.2903508950088115,-0.9999999705804927,0.0,100.0,0.20229441919298904,0.0,0.0,70000.0,70100.0,70200.0,70300.0,70400.0,69900.0,69800.0,69700.0,69600.0,69500.0,111631,193943,74611,114641,32384,225090,197375,107457,95123,169561,0.0,0.0,0.0,0.0,0.0,0.0,0.0,0.0,0.0,0.0,0.0
143929384,005930,69900.0,1000000,69910.0,49.99999999965,99.98569589472179,0.0,0.0,0.2903508950088115,-0.9826073404716211,0.0,100.0,0.20229532877142414,0.0,0.0,70000.0,70100.0,70200.0,70300.0,70400.0,69900.0,69800.0,69700.0,69600.0,69500.0,111630,193943,74611,114641,32384,225085,197375,107462,95123,169561,0.0,0.0,0.0,0.0,0.0,0.0,0.0,0.0,0.0,0.0,0.0
143929494,005930,69900.0,7983206,69900.0,49.99999999965,100.0,0.0,0.0,2.1045716282409037,1.0003241999621044,0.0,100.0,0.20229532877142414,0.0,0.0,70000.0,70100.0,70200.0,70300.0,70400.0,69900.0,69800.0,69700.0,69600.0,69500.0,111630,193943,74611,114641,32384,225085,197375,107462,95123,169561,0.0,0.0,0.0,0.0,0.0,0.0,0.0,0.0,0.0,0.0,0.0
143929587,005930,69900.0,1000000,69900.0,49.99999999965,100.0,0.0,0.0,0.26362486803433405,-0.9831920518808851,0.0,100.0,0.1986566480191334,0.0,0.0,70000.0,70100.0,70200.0,70300.0,70400.0,69900.0,69800.0,69700.0,69600.0,69500.0,111630,193943,74611,114641,32384,225084,197376,101460,95123,169561,0.0,0.0,0.0,0.0,0.0,0.0,0.0,0.0,0.0,0.0,0.0
143929694,005930,69900.0,7983207,69900.0,49.99999999965,100.0,0.0,0.0,1.9271800710558915,1.000313667651628,0.0,100.0,0.1986566480191334,0.0,0.0,70000.0,70100.0,70200.0,70300.0,70400.0,69900.0,69800.0,69700.0,69600.0,69500.0,111630,193943,74611,114641,32384,225084,197376,101460,95123,169561,0.0,0.0,0.0,0.0,0.0,0.0,0.0,0.0,0.0,0.0,0.0
143929696,005930,69900.0,7983208,69900.0,49.99999999965,100.0,0.0,0.0,1.7773680836735397,0.9840426187481487,0.0,100.0,0.1986566480191334,0.0,0.0,70000.0,70100.0,70200.0,70300.0,70400.0,69900.0,69800.0,69700.0,69600.0,69500.0,111630,193943,74611,114641,32384,225084,197376,101460,95123,169561,0.0,0.0,0.0,0.0,0.0,0.0,0.0,0.0,0.0,0.0,0.0
143929697,005930,69900.0,7983209,69900.0,33.333333333022225,100.0,0.0,0.0,1.777363735869557,0.9685405950763922,0.0,100.0,0.1986566480191334,0.0,0.0,70000.0,70100.0,70200.0,70300.0,70400.0,69900.0,69800.0,69700.0,69600.0,69500.0,111630,193943,74611,114641,32384,225084,197376,101460,95123,169561,0.0,0.0,0.0,0.0,0.0,0.0,0.0,0.0,0.0,0.0,0.0
143929698,005930,69900.0,7983222,69900.0,49.9999999993,100.0,0.0,0.0,1.649166306401435,0.9537522044522025,0.0,100.0,0.1986566480191334,0.0,0.0,70000.0,70100.0,70200.0,70300.0,70400.0,69900.0,69800.0,69700.0,69600.0,69500.0,111630,193943,74611,114641,32384,225084,197376,101460,95123,169561,0.0,0.0,0.0,0.0,0.0,0.0,0.0,0.0,0.0,0.0,0.0
143929789,005930,69900.0,7983223,69900.0,49.9999999993,100.0,0.0,0.0,1.5382159590255222,0.9396180416248107,0.0,100.0,0.1986566480191334,0.0,0.0,70000.0,70100.0,70200.0,70300.0,70400.0,69900.0,69800.0,69700.0,69600.0,69500.0,111630,193943,74611,114641,32384,225084,197376,101460,95123,169561,0.0,0.0,0.0,0.0,0.0,0.0,0.0,0.0,0.0,0.0,0.0
143929789,005930,69900.0,1000000,69900.0,49.9999999993,100.0,0.0,0.0,0.19268107116956676,-1.047269845029679,0.0,100.0,0.19866486703388903,0.0,0.0,70000.0,70100.0,70200.0,70300.0,70400.0,69900.0,69800.0,69700.0,69600.0,69500.0,111629,193943,74611,114641,32384,225096,197376,101460,95123,169561,0.0,0.0,0.0,0.0,0.0,0.0,0.0,0.0,0.0,0.0,0.0
143929989,005930,69900.0,1000000,69900.0,49.9999999993,100.0,0.0,0.0,0.19268107116956676,-1.0307763762484776,0.0,100.0,0.19866547603214713,0.0,-0.07147962830593281,70000.0,70100.0,70200.0,70300.0,70400.0,69900.0,69800.0,69700.0,69600.0,69500.0,111629,193943,74611,114641,32384,225096,197376,101461,95123,169561,0.0,0.0,0.0,0.0,0.0,0.0,0.0,0.0,0.0,0.0,0.0
143930191,005930,69900.0,7983232,69900.0,0.0,100.0,0.0,0.0,1.5382168929149107,0.9564586910454886,0.0,100.0,0.19866547603214713,0.0,0.0,70000.0,70100.0,70200.0,70300.0,70400.0,69900.0,69800.0,69700.0,69600.0,69500.0,111629,193943,74611,114641,32384,225096,197376,101461,95123,169561,0.0,0.0,0.0,0.0,0.0,0.0,0.0,0.0,0.0,0.0,0.0
143930192,005930,69900.0,1000000,69900.0,100.0,100.0,0.0,0.0,0.20657887401933006,-1.0298572712553626,0.0,100.0,0.19866547603214713,0.0,0.0,70000.0,70100.0,70200.0,70300.0,70400.0,69900.0,69800.0,69700.0,69600.0,69500.0,111629,193943,74611,114641,32384,225096,197376,101461,95123,169561,0.0,0.0,0.0,0.0,0.0,0.0,0.0,0.0,0.0,0.0,0.0
143930283,005930,69900.0,7983247,69900.0,100.0,100.0,0.0,0.0,1.5382191014427096,0.9576994143508349,0.0,100.0,0.19866547603214713,0.0,0.0,70000.0,70100.0,70200.0,70300.0,70400.0,69900.0,69800.0,69700.0,69600.0,69500.0,111629,193943,74611,114641,32384,225096,197376,101461,95123,169561,0.0,0.0,0.0,0.0,0.0,0.0,0.0,0.0,0.0,0.0,0.0
143930391,005930,69900.0,1000000,69900.0,100.0,100.0,0.0,0.0,0.20657877800100452,-1.0289914813398402,0.0,100.0,0.19865451392187455,0.0,0.0,70000.0,70100.0,70200.0,70300.0,70400.0,69900.0,69800.0,69700.0,69600.0,69500.0,111629,193943,74611,114641,32384,225078,197376,101461,95123,169561,0.0,0.0,0.0,0.0,0.0,0.0,0.0,0.0,0.0,0.0,0.0
143930593,005930,69900.0,1000000,69900.0,100.0,100.0,0.0,0.0,0.2226374088309551,-1.0141850770111611,0.0,100.0,0.19878847470454633,0.0,0.0,70000.0,70100.0,70200.0,70300.0,70400.0,69900.0,69800.0,69700.0,69600.0,69500.0,111629,193943,74611,114641,32384,225108,197366,101661,95123,169561,0.0,0.0,0.0,0.0,0.0,0.0,0.0,0.0,0.0,0.0,0.0
143930687,005930,69900.0,7983249,69900.0,100.0,100.0,0.0,0.0,1.6491690393260943,0.9728628798978962,0.0,100.0,0.19878847470454633,0.0,0.0,70000.0,70100.0,70200.0,70300.0,70400.0,69900.0,69800.0,69700.0,69600.0,69500.0,111629,193943,74611,114641,32384,225108,197366,101661,95123,169561,0.0,0.0,0.0,0.0,0.0,0.0,0.0,0.0,0.0,0.0,0.0
143930688,005930,69900.0,7983264,69900.0,100.0,100.0,0.0,0.0,1.649171115955516,0.9599775459641696,0.0,100.0,0.19878847470454633,0.0,0.0,70000.0,70100.0,70200.0,70300.0,70400.0,69900.0,69800.0,69700.0,69600.0,69500.0,111629,193943,74611,114641,32384,225108,197366,101661,95123,169561,0.0,0.0,0.0,0.0,0.0,0.0,0.0,0.0,0.0,0.0,0.0
143930796,005930,69900.0,1000000,69900.0,100.0,100.0,0.0,0.0,0.22263715108069132,-1.0274023049602667,0.0,100.0,0.19878421300588137,0.0,0.0,70000.0,70100.0,70200.0,70300.0,70400.0,69900.0,69800.0,69700.0,69600.0,69500.0,111629,193943,74611,114641,32384,225101,197366,101661,95123,169561,0.0,0.0,0.0,0.0,0.0,0.0,0.0,0.0,0.0,0.0,0.0
143930808,005930,69900.0,7983312,69900.0,100.0,100.0,0.0,0.0,1.6491792090609714,0.9610382579020921,0.0,100.0,0.19878421300588137,0.0,0.0,70000.0,70100.0,70200.0,70300.0,70400.0,69900.0,69800.0,69700.0,69600.0,69500.0,111629,193943,74611,114641,32384,225101,197366,101661,95123,169561,0.0,0.0,0.0,0.0,0.0,0.0,0.0,0.0,0.0,0.0,0.0
143930982,005930,69900.0,1000000,69900.0,100.0,100.0,0.0,0.0,0.2065783235154747,-1.026671318071216,0.0,100.0,0.1987921275530325,0.0,0.0,70000.0,70100.0,70200.0,70300.0,70400.0,69900.0,69800.0,69700.0,69600.0,69500.0,111629,193943,74611,114641,32384,225112,197366,101663,95123,169561,0.0,0.0,0.0,0.0,0.0,0.0,0.0,0.0,0.0,0.0,0.0
143931187,005930,69900.0,1000000,69900.0,100.0,100.0,0.0,0.0,0.2065783235154747,-1.0130724224291396,0.0,100.0,0.19871075977643443,0.0,0.0,70000.0,70100.0,70200.0,70300.0,70400.0,69900.0,69800.0,69700.0,69600.0,69500.0,111719,193943,74611,114641,32384,225113,197366,101663,95123,169561,0.0,0.0,0.0,0.0,0.0,0.0,0.0,0.0,0.0,0.0,0.0
143931294,005930,69950.0,7983315,69910.0,100.0,100.05721642111286,10.0,3.3333333333333335,1.6491779720658493,0.974942749075844,7983315.0,100.0,0.19871075977643443,50.0,0.07153075822603719,70000.0,70100.0,70200.0,70300.0,70400.0,69900.0,69800.0,69700.0,69600.0,69500.0,111719,193943,74611,114641,32384,225113,197366,101663,95123,169561,0.0,0.0,0.0,0.0,0.0,0.0,0.0,0.0,0.0,0.0,0.0
143931387,005930,69900.0,1000000,69910.0,49.9999999993,99.98569589472179,0.0,3.3333333333333335,0.20657809093914611,-1.0127393395120543,-1000000.0,100.0,0.19873937353125087,-100.0,0.0,70000.0,70100.0,70200.0,70300.0,70400.0,69900.0,69800.0,69700.0,69600.0,69500.0,111719,193943,74611,114641,32384,225148,197378,101663,95123,169561,0.0,0.0,0.0,0.0,0.0,0.0,0.0,0.0,0.0,0.0,0.0
143931496,005930,69900.0,7983386,69910.0,49.9999999993,99.98569589472179,0.0,3.3333333333333335,1.6491895899666944,0.9755815641171366,0.0,100.0,0.19873937353125087,50.0,0.0,70000.0,70100.0,70200.0,70300.0,70400.0,69900.0,69800.0,69700.0,69600.0,69500.0,111719,193943,74611,114641,32384,225148,197378,101663,95123,169561,0.0,0.0,0.0,0.0,0.0,0.0,0.0,0.0,0.0,0.0,0.0
143931497,005930,69900.0,7983418,69910.0,49.9999999993,99.98569589472179,0.0,0.0,1.6491926232458274,0.963903309824931,0.0,100.0,0.19873937353125087,0.0,0.0,70000.0,70100.0,70200.0,70300.0,70400.0,69900.0,69800.0,69700.0,69600.0,69500.0,111719,193943,74611,114641,32384,225148,197378,101663,95123,169561,0.0,0.0,0.0,0.0,0.0,0.0,0.0,0.0,0.0,0.0,0.0
143931590,005930,69900.0,1000000,69910.0,49.9999999993,99.98569589472179,0.0,0.0,0.22263566159326004,-1.0246950487189916,0.0,100.0,0.19861759871608112,0.0,0.0,70000.0,70100.0,70200.0,70300.0,70400.0,69900.0,69800.0,69700.0,69600.0,69500.0,111719,193943,74611,114641,32384,225047,197279,101663,95123,169561,0.0,0.0,0.0,0.0,0.0,0.0,0.0,0.0,0.0,0.0,0.0
143931682,005930,69900.0,7983419,69900.0,49.9999999993,100.0,0.0,0.0,1.7773898730940552,0.964758619233101,0.0,100.0,0.19861759871608112,0.0,0.0,70000.0,70100.0,70200.0,70300.0,70400.0,69900.0,69800.0,69700.0,69600.0,69500.0,111719,193943,74611,114641,32384,225047,197279,101663,95123,169561,0.0,0.0,0.0,0.0,0.0,0.0,0.0,0.0,0.0,0.0,0.0
143931793,005930,69900.0,1000000,69900.0,49.9999999993,100.0,0.0,0.0,0.24140058106568266,-1.024099815032235,0.0,100.0,0.19848644033160964,0.0,0.0,70000.0,70100.0,70200.0,70300.0,70400.0,69900.0,69800.0,69700.0,69600.0,69500.0,111964,193943,74611,114641,32384,225126,197279,101663,95195,169561,0.0,0.0,0.0,0.0,0.0,0.0,0.0,0.0,0.0,0.0,0.0
143931888,005930,69900.0,7983569,69900.0,49.9999999993,100.0,0.0,0.0,1.7774164224934084,0.9656160747683733,0.0,100.0,0.19848644033160964,0.0,0.0,70000.0,70100.0,70200.0,70300.0,70400.0,69900.0,69800.0,69700.0,69600.0,69500.0,111964,193943,74611,114641,32384,225126,197279,101663,95195,169561,0.0,0.0,0.0,0.0,0.0,0.0,0.0,0.0,0.0,0.0,0.0
143931996,005930,69900.0,7983570,69900.0,49.9999999993,100.0,0.0,0.0,1.6492086238466783,0.9548237357508582,0.0,100.0,0.19848644033160964,0.0,0.0,70000.0,70100.0,70200.0,70300.0,70400.0,69900.0,69800.0,69700.0,69600.0,69500.0,111964,193943,74611,114641,32384,225126,197279,101663,95195,169561,0.0,0.0,0.0,0.0,0.0,0.0,0.0,0.0,0.0,0.0,0.0
143931997,005930,69900.0,1000000,69900.0,49.9999999993,100.0,0.0,0.0,0.2226334782042771,-1.0350983108667344,0.0,100.0,0.1984547771620015,0.0,0.0,70000.0,70100.0,70200.0,70300.0,70400.0,69900.0,69800.0,69700.0,69600.0,69500.0,111964,193943,74611,114641,32384,224974,197279,101763,95195,169561,0.0,0.0,0.0,0.0,0.0,0.0,0.0,0.0,0.0,0.0,0.0
143932090,005930,69900.0,7983572,69900.0,49.9999999993,100.0,0.0,0.0,1.6492032453573056,0.9558293901313597,0.0,100.0,0.1984547771620015,0.0,0.0,70000.0,70100.0,70200.0,70300.0,70400.0,69900.0,69800.0,69700.0,69600.0,69500.0,111964,193943,74611,114641,32384,224974,197279,101763,95195,169561,0.0,0.0,0.0,0.0,0.0,0.0,0.0,0.0,0.0,0.0,0.0
143932181,005930,69900.0,1000000,69900.0,49.9999999993,100.0,0.0,0.0,0.22263267276512472,-1.0342955979381536,0.0,100.0,0.19845660395132483,0.0,0.0,70000.0,70100.0,70200.0,70300.0,70400.0,69900.0,69800.0,69700.0,69600.0,69500.0,111964,193943,74611,114641,32384,224972,197279,101768,95195,169561,0.0,0.0,0.0,0.0,0.0,0.0,0.0,0.0,0.0,0.0,0.0
143932290,005930,69900.0,7983584,69900.0,49.9999999993,100.0,0.0,0.0,1.6491999837467664,0.9567940672223335,0.0,100.0,0.19845660395132483,0.0,0.0,70000.0,70100.0,70200.0,70300.0,70400.0,69900.0,69800.0,69700.0,69600.0,69500.0,111964,193943,74611,114641,32384,224972,197279,101768,95195,169561,0.0,0.0,0.0,0.0,0.0,0.0,0.0,0.0,0.0,0.0,0.0
143932292,005930,69900.0,7983585,69900.0,49.9999999993,100.0,0.0,0.0,1.5382445853755333,0.946772395284477,0.0,100.0,0.19845660395132483,0.0,0.0,70000.0,70100.0,70200.0,70300.0,70400.0,69900.0,69800.0,69700.0,69600.0,69500.0,111964,193943,74611,114641,32384,224972,197279,101768,95195,169561,0.0,0.0,0.0,0.0,0.0,0.0,0.0,0.0,0.0,0.0,0.0
143932293,005930,69900.0,7983635,69900.0,0.0,100.0,0.0,0.0,1.5382484989710516,0.937072964440697,0.0,100.0,0.19845660395132483,0.0,0.0,70000.0,70100.0,70200.0,70300.0,70400.0,69900.0,69800.0,69700.0,69600.0,69500.0,111964,193943,74611,114641,32384,224972,197279,101768,95195,169561,0.0,0.0,0.0,0.0,0.0,0.0,0.0,0.0,0.0,0.0,0.0
143932382,005930,69900.0,1000000,69900.0,100.0,100.0,0.0,0.0,0.20657237911423107,-1.0552896771369593,0.0,100.0,0.19847426248549965,0.0,-0.07147962830593281,70000.0,70100.0,70200.0,70300.0,70400.0,69900.0,69800.0,69700.0,69600.0,69500.0,111964,193943,74611,114641,32384,224991,197279,101778,95195,169561,0.0,0.0,0.0,0.0,0.0,0.0,0.0,0.0,0.0,0.0,0.0
143932586,005930,69900.0,7983652,69900.0,100.0,100.0,0.0,0.0,1.5382460246413132,0.9383780179136562,0.0,100.0,0.19847426248549965,0.0,0.0,70000.0,70100.0,70200.0,70300.0,70400.0,69900.0,69800.0,69700.0,69600.0,69500.0,111964,193943,74611,114641,32384,224991,197279,101778,95195,169561,0.0,0.0,0.0,0.0,0.0,0.0,0.0,0.0,0.0,0.0,0.0
143932587,005930,69900.0,1000000,69900.0,100.0,100.0,0.0,0.0,0.20657165369026573,-1.0540925246563648,0.0,100.0,0.19852784224059677,0.0,0.0,70000.0,70100.0,70200.0,70300.0,70400.0,69900.0,69800.0,69700.0,69600.0,69500.0,111964,193943,74611,114641,32384,224976,197284,101876,95195,169561,0.0,0.0,0.0,0.0,0.0,0.0,0.0,0.0,0.0,0.0,0.0
143932695,005930,69900.0,7983656,69900.0,100.0,100.0,0.0,0.0,1.5382416976045468,0.939626620689136,0.0,100.0,0.19852784224059677,0.0,0.0,70000.0,70100.0,70200.0,70300.0,70400.0,69900.0,69800.0,69700.0,69600.0,69500.0,111964,193943,74611,114641,32384,224976,197284,101876,95195,169561,0.0,0.0,0.0,0.0,0.0,0.0,0.0,0.0,0.0,0.0,0.0
143932789,005930,69900.0,1000000,69900.0,100.0,100.0,0.0,0.0,0.19267384486562883,-1.0529461486721676,0.0,100.0,0.19852968545022115,0.0,0.0,70000.0,70100.0,70200.0,70300.0,70400.0,69900.0,69800.0,69700.0,69600.0,69500.0,111964,193949,74611,114641,32384,224978,197284,101876,95205,169561,0.0,0.0,0.0,0.0,0.0,0.0,0.0,0.0,0.0,0.0,0.0
143932989,005930,69900.0,1000000,69900.0,100.0,100.0,0.0,0.0,0.20657092613781797,-1.0416843690616489,0.0,100.0,0.19859177930280164,0.0,0.0,70000.0,70100.0,70200.0,70300.0,70400.0,69900.0,69800.0,69700.0,69600.0,69500.0,111964,193949,74611,114641,32384,225080,197284,101876,95205,169561,0.0,0.0,0.0,0.0,0.0,0.0,0.0,0.0,0.0,0.0,0.0
143933193,005930,69900.0,1000000,69900.0,100.0,100.0,0.0,0.0,0.20657092613781797,-1.0307763790463853,0.0,100.0,0.1986356044650459,0.0,0.0,70000.0,70100.0,70200.0,70300.0,70400.0,69900.0,69800.0,69700.0,69600.0,69500.0,111964,193949,74611,114641,32384,225152,197284,101876,95205,169561,0.0,0.0,0.0,0.0,0.0,0.0,0.0,0.0,0.0,0.0,0.0
143933397,005930,69900.0,1000000,69900.0,100.0,100.0,0.0,0.0,0.22262874230567237,-1.0202040344276533,0.0,100.0,0.19857543691790158,0.0,0.0,70000.0,70100.0,70200.0,70300.0,70400.0,69900.0,69800.0,69700.0,69600.0,69500.0,112111,193949,74611,114641,32384,225274,197284,101876,95205,169560,0.0,0.0,0.0,0.0,0.0,0.0,0.0,0.0,0.0,0.0,0.0
143933595,005930,69900.0,1000000,69900.0,100.0,100.0,0.0,0.0,0.2413935883593832,-1.0099504675832738,0.0,100.0,0.19863750638763794,0.0,0.0,70000.0,70100.0,70200.0,70300.0,70400.0,69900.0,69800.0,69700.0,69600.0,69500.0,112111,193949,74611,114641,32384,225376,197289,101871,95205,169560,0.0,0.0,0.0,0.0,0.0,0.0,0.0,0.0,0.0,0.0,0.0
143933688,005930,69900.0,7983723,69900.0,100.0,100.0,0.0,0.0,1.7774001759762919,0.9808836011577459,0.0,100.0,0.19863750638763794,0.0,0.0,70000.0,70100.0,70200.0,70300.0,70400.0,69900.0,69800.0,69700.0,69600.0,69500.0,112111,193949,74611,114641,32384,225376,197289,101871,95205,169560,0.0,0.0,0.0,0.0,0.0,0.0,0.0,0.0,0.0,0.0,0.0
143933690,005930,69900.0,7983728,69900.0,100.0,100.0,0.0,0.0,1.7773951755835287,0.9715845456397779,0.0,100.0,0.19863750638763794,0.0,0.0,70000.0,70100.0,70200.0,70300.0,70400.0,69900.0,69800.0,69700.0,69600.0,69500.0,112111,193949,74611,114641,32384,225376,197289,101871,95205,169560,0.0,0.0,0.0,0.0,0.0,0.0,0.0,0.0,0.0,0.0,0.0
143933782,005930,69900.0,1000000,69900.0,100.0,100.0,0.0,0.0,0.22262722071487515,-1.019419262103989,0.0,100.0,0.19859491072777763,0.0,0.0,70000.0,70100.0,70200.0,70300.0,70400.0,69900.0,69800.0,69700.0,69600.0,69500.0,112111,193949,74611,114641,32384,225306,197289,101871,95205,169560,0.0,0.0,0.0,0.0,0.0,0.0,0.0,0.0,0.0,0.0,0.0
143933986,005930,69900.0,1000000,69900.0,100.0,100.0,0.0,0.0,0.24139223939640836,-1.0095695699018468,0.0,100.0,0.1986569771812162,0.0,0.0,70000.0,70100.0,70200.0,70300.0,70400.0,69900.0,69800.0,69700.0,69600.0,69500.0,112111,193949,74611,114641,32384,225406,197289,101873,95205,169560,0.0,0.0,0.0,0.0,0.0,0.0,0.0,0.0,0.0,0.0,0.0
143934093,005930,69900.0,7985824,69900.0,100.0,100.0,0.0,0.0,1.9276634968825461,0.9821891613500361,0.0,100.0,0.1986569771812162,0.0,0.0,70000.0,70100.0,70200.0,70300.0,70400.0,69900.0,69800.0,69700.0,69600.0,69500.0,112111,193949,74611,114641,32384,225406,197289,101873,95205,169560,0.0,0.0,0.0,0.0,0.0,0.0,0.0,0.0,0.0,0.0,0.0
143934187,005930,69900.0,7987479,69900.0,100.0,100.0,0.0,0.0,1.7781082476857983,0.9736769762908691,0.0,100.0,0.1986569771812162,0.0,0.0,70000.0,70100.0,70200.0,70300.0,70400.0,69900.0,69800.0,69700.0,69600.0,69500.0,112111,193949,74611,114641,32384,225406,197289,101873,95205,169560,0.0,0.0,0.0,0.0,0.0,0.0,0.0,0.0,0.0,0.0,0.0
143934188,005930,69900.0,7989429,69900.0,100.0,100.0,0.0,0.0,1.7784264019701208,0.9654816832254173,0.0,100.0,0.1986569771812162,0.0,0.0,70000.0,70100.0,70200.0,70300.0,70400.0,69900.0,69800.0,69700.0,69600.0,69500.0,112111,193949,74611,114641,32384,225406,197289,101873,95205,169560,0.0,0.0,0.0,0.0,0.0,0.0,0.0,0.0,0.0,0.0,0.0
143934189,005930,69900.0,1000000,69900.0,100.0,100.0,0.0,0.0,0.22259743493184816,-1.027912283036152,0.0,100.0,0.1951860259930804,0.0,0.0,70000.0,70100.0,70200.0,70300.0,70400.0,69900.0,69800.0,69700.0,69600.0,69500.0,112111,193949,74611,114641,32384,219726,197289,101873,95205,169560,0.0,0.0,0.0,0.0,0.0,0.0,0.0,0.0,0.0,0.0,0.0
143934295,005930,69900.0,7989439,69900.0,100.0,100.0,0.0,0.0,1.7783127434848585,0.9661018195587174,0.0,100.0,0.1951860259930804,0.0,0.0,70000.0,70100.0,70200.0,70300.0,70400.0,69900.0,69800.0,69700.0,69600.0,69500.0,112111,193949,74611,114641,32384,219726,197289,101873,95205,169560,0.0,0.0,0.0,0.0,0.0,0.0,0.0,0.0,0.0,0.0,0.0
143934390,005930,69900.0,1000000,69900.0,100.0,100.0,0.0,0.0,0.2413402153104664,-1.027402264647694,0.0,100.0,0.19518050238687146,0.0,0.0,70000.0,70100.0,70200.0,70300.0,70400.0,69900.0,69800.0,69700.0,69600.0,69500.0,112111,193949,74611,114641,32384,219717,197279,101878,95210,169560,0.0,0.0,0.0,0.0,0.0,0.0,0.0,0.0,0.0,0.0,0.0
143934497,005930,69900.0,7989563,69900.0,100.0,100.0,0.0,0.0,1.9280649339252327,0.9667323158295776,0.0,100.0,0.19518050238687146,0.0,0.0,70000.0,70100.0,70200.0,70300.0,70400.0,69900.0,69800.0,69700.0,69600.0,69500.0,112111,193949,74611,114641,32384,219717,197279,101878,95210,169560,0.0,0.0,0.0,0.0,0.0,0.0,0.0,0.0,0.0,0.0,0.0
143934589,005930,69900.0,1000000,69900.0,100.0,100.0,0.0,0.0,0.24132295269781748,-1.026910552691484,0.0,100.0,0.195037475964967,0.0,0.0,70000.0,70100.0,70200.0,70300.0,70400.0,69900.0,69800.0,69700.0,69600.0,69500.0,112111,193949,74611,114641,32384,219613,197279,101878,95081,169560,0.0,0.0,0.0,0.0,0.0,0.0,0.0,0.0,0.0,0.0,0.0
143934791,005930,69900.0,1000000,69900.0,100.0,100.0,0.0,0.0,0.26352946781897385,-1.0177004072905538,0.0,100.0,0.19505036884270643,0.0,0.0,70000.0,70100.0,70200.0,70300.0,70400.0,69900.0,69800.0,69700.0,69600.0,69500.0,112111,193949,74611,114641,32384,219631,197279,101878,95081,169563,0.0,0.0,0.0,0.0,0.0,0.0,0.0,0.0,0.0,0.0,0.0
143934992,005930,69900.0,7989575,69900.0,100.0,100.0,0.0,0.0,1.9279300448963748,0.9760474026548489,0.0,100.0,0.19505036884270643,0.0,0.0,70000.0,70100.0,70200.0,70300.0,70400.0,69900.0,69800.0,69700.0,69600.0,69500.0,112111,193949,74611,114641,32384,219631,197279,101878,95081,169563,0.0,0.0,0.0,0.0,0.0,0.0,0.0,0.0,0.0,0.0,0.0
143934993,005930,69900.0,1000000,69900.0,100.0,100.0,0.0,0.0,0.26350891635120255,-1.0173925132763622,0.0,100.0,0.19779808995540987,0.0,0.0,70000.0,70100.0,70200.0,70300.0,70400.0,69900.0,69800.0,69700.0,69600.0,69500.0,112111,193949,71610,114641,32384,219636,197289,101878,95076,169563,0.0,0.0,0.0,0.0,0.0,0.0,0.0,0.0,0.0,0.0,0.0
143935195,005930,69900.0,1000000,69900.0,100.0,100.0,0.0,0.0,0.26350891635120255,-1.008583755113901,0.0,100.0,0.1977827586628668,0.0,0.0,70000.0,70100.0,70200.0,70300.0,70400.0,69900.0,69800.0,69700.0,69600.0,69500.0,112111,193949,71610,114641,32384,219624,197289,101878,95076,169550,0.0,0.0,0.0,0.0,0.0,0.0,0.0,0.0,0.0,0.0,0.0
143935396,005930,69900.0,1000000,69900.0,100.0,100.0,0.0,0.0,0.26350891635120255,-0.9999999082705983,0.0,100.0,0.1977995855687423,0.0,0.0,70000.0,70100.0,70200.0,70300.0,70400.0,69900.0,69800.0,69700.0,69600.0,69500.0,112175,193949,71610,114641,32384,219644,197389,101881,95076,169550,0.0,0.0,0.0,0.0,0.0,0.0,0.0,0.0,0.0,0.0,0.0
143935598,005930,69900.0,7989578,69900.0,100.0,100.0,0.0,0.0,1.9277930268067385,0.9934046712978309,0.0,100.0,0.1977995855687423,0.0,0.0,70000.0,70100.0,70200.0,70300.0,70400.0,69900.0,69800.0,69700.0,69600.0,69500.0,112175,193949,71610,114641,32384,219644,197389,101881,95076,169550,0.0,0.0,0.0,0.0,0.0,0.0,0.0,0.0,0.0,0.0,0.0
143935599,005930,69900.0,1000000,69900.0,100.0,100.0,0.0,0.0,0.24128846690109773,-0.9999998964811909,0.0,100.0,0.19779100119622253,0.0,0.0,70000.0,70100.0,70200.0,70300.0,70400.0,69900.0,69800.0,69700.0,69600.0,69500.0,112175,193949,71610,114641,32384,219645,197389,101866,95076,169550,0.0,0.0,0.0,0.0,0.0,0.0,0.0,0.0,0.0,0.0,0.0
143935788,005930,69900.0,7989648,69900.0,100.0,100.0,0.0,0.0,1.7778876353548911,0.9935330394075965,0.0,100.0,0.19779100119622253,0.0,0.0,70000.0,70100.0,70200.0,70300.0,70400.0,69900.0,69800.0,69700.0,69600.0,69500.0,112175,193949,71610,114641,32384,219645,197389,101866,95076,169550,0.0,0.0,0.0,0.0,0.0,0.0,0.0,0.0,0.0,0.0,0.0
143935788,005930,69900.0,1000000,69900.0,100.0,100.0,0.0,0.0,0.24127122042209362,-0.999999885220421,0.0,100.0,0.1978087829068557,0.0,0.0,70000.0,70100.0,70200.0,70300.0,70400.0,69900.0,69800.0,69700.0,69600.0,69500.0,112175,193949,71610,114641,32384,219674,197386,101869,95076,169550,0.0,0.0,0.0,0.0,0.0,0.0,0.0,0.0,0.0,0.0,0.0
143935989,005930,69900.0,1000000,69900.0,100.0,100.0,0.0,0.0,0.2634680416888117,-0.9919025878113139,0.0,100.0,0.19776708661826597,0.0,0.0,70000.0,70100.0,70200.0,70300.0,70400.0,69900.0,69800.0,69700.0,69600.0,69500.0,112175,193949,71610,114641,32384,219605,197386,101870,95076,169550,0.0,0.0,0.0,0.0,0.0,0.0,0.0,0.0,0.0,0.0,0.0
143936191,005930,69900.0,7989671,69900.0,100.0,100.0,0.0,0.0,1.9275394804205916,1.0017415705212294,0.0,100.0,0.19776708661826597,0.0,0.0,70000.0,70100.0,70200.0,70300.0,70400.0,69900.0,69800.0,69700.0,69600.0,69500.0,112175,193949,71610,114641,32384,219605,197386,101870,95076,169550,0.0,0.0,0.0,0.0,0.0,0.0,0.0,0.0,0.0,0.0,0.0
143936192,005930,69900.0,1000000,69900.0,100.0,100.0,0.0,0.0,0.24125392402523102,-0.9920316221521807,0.0,100.0,0.19652463629870245,0.0,0.0,70000.0,70100.0,70200.0,70300.0,70400.0,69900.0,69800.0,69700.0,69600.0,69500.0,112175,193949,71610,114641,32384,219582,197386,101870,93076,169550,0.0,0.0,0.0,0.0,0.0,0.0,0.0,0.0,0.0,0.0,0.0
143936300,005930,69900.0,7989693,69900.0,100.0,100.0,0.0,0.0,1.9274548325881449,1.0017200912106985,0.0,100.0,0.19652463629870245,0.0,0.0,70000.0,70100.0,70200.0,70300.0,70400.0,69900.0,69800.0,69700.0,69600.0,69500.0,112175,193949,71610,114641,32384,219582,197386,101870,93076,169550,0.0,0.0,0.0,0.0,0.0,0.0,0.0,0.0,0.0,0.0,0.0
143936393,005930,69900.0,1000000,69900.0,100.0,100.0,0.0,0.0,0.26344700702860807,-0.9921566084626838,0.0,100.0,0.19650495218540015,0.0,0.0,70000.0,70100.0,70200.0,70300.0,70400.0,69900.0,69800.0,69700.0,69600.0,69500.0,112175,193949,71610,114641,32384,219569,197386,101870,93057,169550,0.0,0.0,0.0,0.0,0.0,0.0,0.0,0.0,0.0,0.0,0.0
143936593,005930,69900.0,1000000,69900.0,100.0,100.0,0.0,0.0,0.2901613524896504,-0.984495053821381,0.0,100.0,0.19650618247073748,0.0,0.0,70000.0,70100.0,70200.0,70300.0,70400.0,69900.0,69800.0,69700.0,69600.0,69500.0,112175,193949,71610,114641,32384,219571,197386,101870,93057,169550,0.0,0.0,0.0,0.0,0.0,0.0,0.0,0.0,0.0,0.0,0.0
143936686,005930,69900.0,7989696,69900.0,100.0,100.0,0.0,0.0,2.104854095459661,1.0094762957654102,0.0,100.0,0.19650618247073748,0.0,0.0,70000.0,70100.0,70200.0,70300.0,70400.0,69900.0,69800.0,69700.0,69600.0,69500.0,112175,193949,71610,114641,32384,219571,197386,101870,93057,169550,0.0,0.0,0.0,0.0,0.0,0.0,0.0,0.0,0.0,0.0,0.0
143936796,005930,69900.0,7989705,69900.0,100.0,100.0,0.0,0.0,2.1048490914349514,1.0016704694114609,0.0,100.0,0.19650618247073748,0.0,0.0,70000.0,70100.0,70200.0,70300.0,70400.0,69900.0,69800.0,69700.0,69600.0,69500.0,112175,193949,71610,114641,32384,219571,197386,101870,93057,169550,0.0,0.0,0.0,0.0,0.0,0.0,0.0,0.0,0.0,0.0,0.0
143936798,005930,69900.0,1000000,69900.0,100.0,100.0,0.0,0.0,0.263445157416319,-0.9923951759722265,0.0,100.0,0.19649880070219977,0.0,0.0,70000.0,70100.0,70200.0,70300.0,70400.0,69900.0,69800.0,69700.0,69600.0,69500.0,112175,193949,71610,114641,32384,219559,197386,101870,93057,169550,0.0,0.0,0.0,0.0,0.0,0.0,0.0,0.0,0.0,0.0,0.0
143936983,005930,69950.0,7989708,69910.0,100.0,100.05721642111286,10.0,3.3333333333333335,2.1048458615624157,1.001645974097834,7989708.0,100.0,0.19649880070219977,50.0,0.07153075822603719,70000.0,70100.0,70200.0,70300.0,70400.0,69900.0,69800.0,69700.0,69600.0,69500.0,112175,193949,71610,114641,32384,219559,197386,101870,93057,169550,0.0,0.0,0.0,0.0,0.0,0.0,0.0,0.0,0.0,0.0,0.0
143936984,005930,69900.0,1000000,69910.0,49.9999999993,99.98569589472179,0.0,3.3333333333333335,0.2634446542429856,-0.9925090988877584,-1000000.0,100.0,0.19653078738632387,-100.0,0.0,70000.0,70100.0,70200.0,70300.0,70400.0,69900.0,69800.0,69700.0,69600.0,69500.0,112175,193949,71610,114641,32384,219610,197386,101871,93057,169550,0.0,0.0,0.0,0.0,0.0,0.0,0.0,0.0,0.0,0.0,0.0
143937092,005930,69900.0,7989712,69910.0,49.9999999993,99.98569589472179,0.0,3.3333333333333335,1.9273917399433627,1.001622505775408,0.0,100.0,0.19653078738632387,50.0,0.0,70000.0,70100.0,70200.0,70300.0,70400.0,69900.0,69800.0,69700.0,69600.0,69500.0,112175,193949,71610,114641,32384,219610,197386,101871,93057,169550,0.0,0.0,0.0,0.0,0.0,0.0,0.0,0.0,0.0,0.0,0.0
143937093,005930,69900.0,7989717,69910.0,49.9999999993,99.98569589472179,0.0,0.0,1.9273896449530854,0.994219896733715,0.0,100.0,0.19653078738632387,0.0,0.0,70000.0,70100.0,70200.0,70300.0,70400.0,69900.0,69800.0,69700.0,69600.0,69500.0,112175,193949,71610,114641,32384,219610,197386,101871,93057,169550,0.0,0.0,0.0,0.0,0.0,0.0,0.0,0.0,0.0,0.0,0.0
143937185,005930,69900.0,7989719,69910.0,49.9999999993,99.98569589472179,0.0,0.0,1.7775304177242168,0.9869782225070471,0.0,100.0,0.19653078738632387,0.0,0.0,70000.0,70100.0,70200.0,70300.0,70400.0,69900.0,69800.0,69700.0,69600.0,69500.0,112175,193949,71610,114641,32384,219610,197386,101871,93057,169550,0.0,0.0,0.0,0.0,0.0,0.0,0.0,0.0,0.0,0.0,0.0
143937187,005930,69900.0,7989732,69900.0,49.9999999993,100.0,0.0,0.0,1.649295925702981,0.9798956396491163,0.0,100.0,0.19653078738632387,0.0,0.0,70000.0,70100.0,70200.0,70300.0,70400.0,69900.0,69800.0,69700.0,69600.0,69500.0,112175,193949,71610,114641,32384,219610,197386,101871,93057,169550,0.0,0.0,0.0,0.0,0.0,0.0,0.0,0.0,0.0,0.0,0.0
143937188,005930,69900.0,7989734,69900.0,49.9999999993,100.0,0.0,0.0,1.5383168249338999,0.9729603732943409,0.0,100.0,0.19653078738632387,0.0,0.0,70000.0,70100.0,70200.0,70300.0,70400.0,69900.0,69800.0,69700.0,69600.0,69500.0,112175,193949,71610,114641,32384,219610,197386,101871,93057,169550,0.0,0.0,0.0,0.0,0.0,0.0,0.0,0.0,0.0,0.0,0.0
143937189,005930,69900.0,7989738,69900.0,49.9999999993,100.0,0.0,0.0,1.538315225623804,0.9661708881089286,0.0,100.0,0.19653078738632387,0.0,0.0,70000.0,70100.0,70200.0,70300.0,70400.0,69900.0,69800.0,69700.0,69600.0,69500.0,112175,193949,71610,114641,32384,219610,197386,101871,93057,169550,0.0,0.0,0.0,0.0,0.0,0.0,0.0,0.0,0.0,0.0,0.0
143937190,005930,69900.0,7989742,69900.0,49.9999999993,100.0,0.0,0.0,1.4413303457685465,0.9595216139008742,0.0,100.0,0.19653078738632387,0.0,0.0,70000.0,70100.0,70200.0,70300.0,70400.0,69900.0,69800.0,69700.0,69600.0,69500.0,112175,193949,71610,114641,32384,219610,197386,101871,93057,169550,0.0,0.0,0.0,0.0,0.0,0.0,0.0,0.0,0.0,0.0,0.0
143937191,005930,69900.0,1000000,69900.0,49.9999999993,100.0,0.0,0.0,0.19253620501339827,-1.0361124241609734,0.0,100.0,0.1966740810706134,0.0,0.0,70000.0,70100.0,70200.0,70300.0,70400.0,69900.0,69800.0,69700.0,69600.0,69500.0,112175,193949,71610,114641,32384,219842,197386,101872,93057,169550,0.0,0.0,0.0,0.0,0.0,0.0,0.0,0.0,0.0,0.0,0.0
143937294,005930,69900.0,7989876,69900.0,49.9999999993,100.0,0.0,0.0,1.441351554861375,0.9601186956043137,0.0,100.0,0.1966740810706134,0.0,0.0,70000.0,70100.0,70200.0,70300.0,70400.0,69900.0,69800.0,69700.0,69600.0,69500.0,112175,193949,71610,114641,32384,219842,197386,101872,93057,169550,0.0,0.0,0.0,0.0,0.0,0.0,0.0,0.0,0.0,0.0,0.0
143937387,005930,69900.0,1000000,69900.0,49.9999999993,100.0,0.0,0.0,0.18039723706117278,-1.035598040378091,0.0,100.0,0.19659106306135274,0.0,0.0,70000.0,70100.0,70200.0,70300.0,70400.0,69900.0,69800.0,69700.0,69600.0,69500.0,112175,193949,71610,114641,32384,219707,197386,101872,93057,169550,0.0,0.0,0.0,0.0,0.0,0.0,0.0,0.0,0.0,0.0,0.0
143937496,005930,69900.0,7989880,69900.0,49.9999999993,100.0,0.0,0.0,1.4413495592885768,0.9606632704281886,0.0,100.0,0.19659106306135274,0.0,0.0,70000.0,70100.0,70200.0,70300.0,70400.0,69900.0,69800.0,69700.0,69600.0,69500.0,112175,193949,71610,114641,32384,219707,197386,101872,93057,169550,0.0,0.0,0.0,0.0,0.0,0.0,0.0,0.0,0.0,0.0,0.0
143937590,005930,69900.0,1000000,69900.0,49.9999999993,100.0,0.0,0.0,0.1803968969857591,-1.0350981087214233,0.0,100.0,0.1965492400841178,0.0,0.0,70000.0,70100.0,70200.0,70300.0,70400.0,69900.0,69800.0,69700.0,69600.0,69500.0,112175,193949,71610,114641,32384,219734,197386,101877,93057,169450,0.0,0.0,0.0,0.0,0.0,0.0,0.0,0.0,0.0,0.0,0.0
143937682,005930,69900.0,7989895,69900.0,0.0,100.0,0.0,0.0,1.4413496390905076,0.9611963240928942,0.0,100.0,0.1965492400841178,0.0,0.0,70000.0,70100.0,70200.0,70300.0,70400.0,69900.0,69800.0,69700.0,69600.0,69500.0,112175,193949,71610,114641,32384,219734,197386,101877,93057,169450,0.0,0.0,0.0,0.0,0.0,0.0,0.0,0.0,0.0,0.0,0.0
143937684,005930,69950.0,7989898,69910.0,100.0,100.05721642111286,10.0,3.3333333333333335,1.3558659753324953,0.954926055431045,7989898.0,100.0,0.1965492400841178,50.0,0.07153075822603719,70000.0,70100.0,70200.0,70300.0,70400.0,69900.0,69800.0,69700.0,69600.0,69500.0,112175,193949,71610,114641,32384,219734,197386,101877,93057,169450,0.0,0.0,0.0,0.0,0.0,0.0,0.0,0.0,0.0,0.0,0.0
143937790,005930,69900.0,1000000,69910.0,49.9999999993,99.98569589472179,0.0,3.3333333333333335,0.16969753247569558,-1.0413964360766723,-1000000.0,100.0,0.1965400138411695,-100.0,0.0,70000.0,70100.0,70200.0,70300.0,70400.0,69900.0,69800.0,69700.0,69600.0,69500.0,112175,193949,71610,114641,32384,219719,197386,101877,93057,169450,0.0,0.0,0.0,0.0,0.0,0.0,0.0,0.0,0.0,0.0,0.0
143937801,005930,69900.0,7989912,69910.0,49.9999999993,99.98569589472179,0.0,3.3333333333333335,1.3558658661573577,0.9555221887304792,0.0,100.0,0.1965400138411695,50.0,0.0,70000.0,70100.0,70200.0,70300.0,70400.0,69900.0,69800.0,69700.0,69600.0,69500.0,112175,193949,71610,114641,32384,219719,197386,101877,93057,169450,0.0,0.0,0.0,0.0,0.0,0.0,0.0,0.0,0.0,0.0,0.0
143937996,005930,69900.0,1000000,69910.0,49.9999999993,99.98569589472179,0.0,0.0,0.18039590280135262,-1.040832753189247,0.0,100.0,0.19652525141170274,0.0,0.0,70000.0,70100.0,70200.0,70300.0,70400.0,69900.0,69800.0,69700.0,69600.0,69500.0,112175,193949,71610,114641,32384,219695,197386,101877,93057,169450,0.0,0.0,0.0,0.0,0.0,0.0,0.0,0.0,0.0,0.0,0.0
143938185,005930,69900.0,1000000,69910.0,49.9999999993,99.98569589472179,0.0,0.0,0.18039590280135262,-1.0336791804516945,0.0,100.0,0.19652894206992644,0.0,0.0,70000.0,70100.0,70200.0,70300.0,70400.0,69900.0,69800.0,69700.0,69600.0,69500.0,112175,193949,71610,114641,32384,219700,197386,101877,93058,169450,0.0,0.0,0.0,0.0,0.0,0.0,0.0,0.0,0.0,0.0,0.0
143938389,005930,69900.0,1000000,69900.0,49.9999999993,100.0,0.0,0.0,0.1925343737634179,-1.0266711068891492,0.0,100.0,0.2008780672773747,0.0,0.0,70000.0,70100.0,70200.0,70300.0,70400.0,69900.0,69800.0,69700.0,69600.0,69500.0,112175,193949,71610,114641,32384,226809,197386,101877,93058,169450,0.0,0.0,0.0,0.0,0.0,0.0,0.0,0.0,0.0,0.0,0.0
143938482,005930,69900.0,7989922,69900.0,49.9999999993,100.0,0.0,0.0,1.4413464103634288,0.9692694654844782,0.0,100.0,0.2008780672773747,0.0,0.0,70000.0,70100.0,70200.0,70300.0,70400.0,69900.0,69800.0,69700.0,69600.0,69500.0,112175,193949,71610,114641,32384,226809,197386,101877,93058,169450,0.0,0.0,0.0,0.0,0.0,0.0,0.0,0.0,0.0,0.0,0.0
143938590,005930,69900.0,1000000,69900.0,49.9999999993,100.0,0.0,0.0,0.19253398453461143,-1.026320044398546,0.0,100.0,0.2008969292735482,0.0,0.0,70000.0,70100.0,70200.0,70300.0,70400.0,69900.0,69800.0,69700.0,69600.0,69500.0,112175,193949,71610,114641,32384,226847,197386,101877,93061,169440,0.0,0.0,0.0,0.0,0.0,0.0,0.0,0.0,0.0,0.0,0.0
143938790,005930,69900.0,7989924,69900.0,49.9999999993,100.0,0.0,0.0,1.5383288383797098,0.9696607184479065,0.0,100.0,0.2008969292735482,0.0,0.0,70000.0,70100.0,70200.0,70300.0,70400.0,69900.0,69800.0,69700.0,69600.0,69500.0,112175,193949,71610,114641,32384,226847,197386,101877,93061,169440,0.0,0.0,0.0,0.0,0.0,0.0,0.0,0.0,0.0,0.0,0.0
143938791,005930,69900.0,1000000,69900.0,49.9999999993,100.0,0.0,0.0,0.20642337312037196,-1.025978105138533,0.0,100.0,0.20088962796130225,0.0,0.0,70000.0,70100.0,70200.0,70300.0,70400.0,69900.0,69800.0,69700.0,69600.0,69500.0,112175,193949,71610,114641,32384,226831,197387,101880,93061,169440,0.0,0.0,0.0,0.0,0.0,0.0,0.0,0.0,0.0,0.0,0.0
143938993,005930,69900.0,1000000,69900.0,49.9999999993,100.0,0.0,0.0,0.22247307049689952,-1.0192941391713706,0.0,100.0,0.2009042304523741,0.0,0.0,70000.0,70100.0,70200.0,70300.0,70400.0,69900.0,69800.0,69700.0,69600.0,69500.0,112175,193949,71610,114641,32384,226863,197369,101890,93061,169440,0.0,0.0,0.0,0.0,0.0,0.0,0.0,0.0,0.0,0.0,0.0
143939183,005930,69900.0,7990244,69900.0,49.9999999993,100.0,0.0,0.0,1.7776040322392352,0.976483679997041,0.0,100.0,0.2009042304523741,0.0,0.0,70000.0,70100.0,70200.0,70300.0,70400.0,69900.0,69800.0,69700.0,69600.0,69500.0,112175,193949,71610,114641,32384,226863,197369,101890,93061,169440,0.0,0.0,0.0,0.0,0.0,0.0,0.0,0.0,0.0,0.0,0.0
143939185,005930,69900.0,7990272,69900.0,49.9999999993,100.0,0.0,0.0,1.7775997025124648,0.9705103625387586,0.0,100.0,0.2009042304523741,0.0,0.0,70000.0,70100.0,70200.0,70300.0,70400.0,69900.0,69800.0,69700.0,69600.0,69500.0,112175,193949,71610,114641,32384,226863,197369,101890,93061,169440,0.0,0.0,0.0,0.0,0.0,0.0,0.0,0.0,0.0,0.0,0.0
143939186,005930,69900.0,1000000,69900.0,49.9999999993,100.0,0.0,0.0,0.24122594013980708,-1.0253202078590093,0.0,100.0,0.20071374771622816,0.0,0.0,70000.0,70100.0,70200.0,70300.0,70400.0,69900.0,69800.0,69700.0,69600.0,69500.0,112175,193949,71610,114641,32384,226549,197369,101890,93062,169440,0.0,0.0,0.0,0.0,0.0,0.0,0.0,0.0,0.0,0.0,0.0
143939385,005930,69900.0,7990275,69900.0,0.0,100.0,0.0,0.0,1.7775898308809406,0.9708723585034038,0.0,100.0,0.20071374771622816,0.0,0.0,70000.0,70100.0,70200.0,70300.0,70400.0,69900.0,69800.0,69700.0,69600.0,69500.0,112175,193949,71610,114641,32384,226549,197369,101890,93062,169440,0.0,0.0,0.0,0.0,0.0,0.0,0.0,0.0,0.0,0.0,0.0
143939386,005930,69900.0,1000000,69900.0,100.0,100.0,0.0,0.0,0.24122477925580757,-1.02500360074356,0.0,100.0,0.20071922612365756,0.0,0.0,70000.0,70100.0,70200.0,70300.0,70400.0,69900.0,69800.0,69700.0,69600.0,69500.0,112175,193949,71610,114641,32384,226554,197369,101894,93062,169440,0.0,0.0,0.0,0.0,0.0,0.0,0.0,0.0,0.0,0.0,0.0
143939588,005930,69900.0,7990441,69900.0,100.0,100.0,0.0,0.0,1.7776155888861462,0.9712717390900266,0.0,100.0,0.20071922612365756,0.0,0.0,70000.0,70100.0,70200.0,70300.0,70400.0,69900.0,69800.0,69700.0,69600.0,69500.0,112175,193949,71610,114641,32384,226554,197369,101894,93062,169440,0.0,0.0,0.0,0.0,0.0,0.0,0.0,0.0,0.0,0.0,0.0
143939589,005930,69900.0,1000000,69900.0,100.0,100.0,0.0,0.0,0.24122314705434636,-1.024694814346931,0.0,100.0,0.20169197324363836,0.0,0.0,70000.0,70100.0,70200.0,70300.0,70400.0,69900.0,69800.0,69700.0,69600.0,69500.0,112175,193949,71610,114641,32384,226387,199136,101894,93062,169440,0.0,0.0,0.0,0.0,0.0,0.0,0.0,0.0,0.0,0.0,0.0
143939680,005930,69900.0,7990442,69900.0,100.0,100.0,0.0,0.0,1.7776046989348588,0.9716154373319892,0.0,100.0,0.20169197324363836,0.0,0.0,70000.0,70100.0,70200.0,70300.0,70400.0,69900.0,69800.0,69700.0,69600.0,69500.0,112175,193949,71610,114641,32384,226387,199136,101894,93062,169440,0.0,0.0,0.0,0.0,0.0,0.0,0.0,0.0,0.0,0.0,0.0
143939790,005930,69900.0,1000000,69900.0,100.0,100.0,0.0,0.0,0.2412215556064533,-1.024393562809187,0.0,100.0,0.20170168875799235,0.0,0.0,70000.0,70100.0,70200.0,70300.0,70400.0,69900.0,69800.0,69700.0,69600.0,69500.0,112175,193949,71610,114641,32384,226383,199136,101914,93062,169440,0.0,0.0,0.0,0.0,0.0,0.0,0.0,0.0,0.0,0.0,0.0
143939992,005930,69950.0,7990462,69910.0,100.0,100.05721642111286,10.0,3.3333333333333335,1.9274585622178646,0.971956396332108,7990462.0,100.0,0.20170168875799235,50.0,0.07153075822603719,70000.0,70100.0,70200.0,70300.0,70400.0,69900.0,69800.0,69700.0,69600.0,69500.0,112175,193949,71610,114641,32384,226383,199136,101914,93062,169440,0.0,0.0,0.0,0.0,0.0,0.0,0.0,0.0,0.0,0.0,0.0
143939993,005930,69950.0,7990517,69920.0,100.0,100.0429061784897,10.0,6.666666666666667,1.777597933385791,0.9663617524306567,0.0,100.0,0.20170168875799235,-50.0,0.07153075822603719,70000.0,70100.0,70200.0,70300.0,70400.0,69900.0,69800.0,69700.0,69600.0,69500.0,112175,193949,71610,114641,32384,226383,199136,101914,93062,169440,0.0,0.0,0.0,0.0,0.0,0.0,0.0,0.0,0.0,0.0,0.0
143939994,005930,69900.0,1000000,69920.0,49.9999999993,99.97139588100687,0.0,6.666666666666667,0.24121815457522272,-1.0300364273809208,-1000000.0,100.0,0.20170290318065925,-50.0,0.0,70000.0,70100.0,70200.0,70300.0,70400.0,69900.0,69800.0,69700.0,69600.0,69500.0,112175,193949,71610,114641,32384,226385,199136,101914,93062,169440,0.0,0.0,0.0,0.0,0.0,0.0,0.0,0.0,0.0,0.0,0.0
143940195,005930,69900.0,1000000,69920.0,49.9999999993,99.97139588100687,0.0,3.3333333333333335,0.24121815457522272,-1.0238125870412915,0.0,100.0,0.20170290318065925,50.0,0.0,70000.0,70100.0,70200.0,70300.0,70400.0,69900.0,69800.0,69700.0,69600.0,69500.0,112175,193949,71610,114641,32384,226385,199136,101914,93062,169440,0.0,0.0,0.0,0.0,0.0,0.0,0.0,0.0,0.0,0.0,0.0
143940206,005930,69900.0,1000000,69920.0,49.9999999993,99.97139588100687,0.0,0.0,0.24121815457522272,-1.0177002201093994,0.0,100.0,0.2016944021443969,0.0,0.0,70000.0,70100.0,70200.0,70300.0,70400.0,69900.0,69800.0,69700.0,69600.0,69500.0,112175,193949,71610,114641,32384,226385,199122,101914,93062,169440,0.0,0.0,0.0,0.0,0.0,0.0,0.0,0.0,0.0,0.0,0.0
143940398,005930,69900.0,1000000,69910.0,49.9999999993,99.98569589472179,0.0,0.0,0.24121815457522272,-1.0116960382172355,0.0,100.0,0.20163943652545324,0.0,0.0,70000.0,70100.0,70200.0,70300.0,70400.0,69900.0,69800.0,69700.0,69600.0,69500.0,112175,193949,71710,114641,32384,226440,199122,101819,93063,169539,0.0,0.0,0.0,0.0,0.0,0.0,0.0,0.0,0.0,0.0,0.0
143940492,005930,69950.0,7990524,69910.0,66.66666666604445,100.05721642111286,10.0,3.3333333333333335,1.9274454588304448,0.9842518757683101,7990524.0,100.0,0.20163943652545324,50.0,0.07153075822603719,70000.0,70100.0,70200.0,70300.0,70400.0,69900.0,69800.0,69700.0,69600.0,69500.0,112175,193949,71710,114641,32384,226440,199122,101819,93063,169539,0.0,0.0,0.0,0.0,0.0,0.0,0.0,0.0,0.0,0.0,0.0
143940586,005930,69900.0,1000000,69910.0,49.99999999965,99.98569589472179,0.0,3.3333333333333335,0.2412164031833763,-1.0115608087727224,-1000000.0,100.0,0.20163518616404338,-100.0,0.0,70000.0,70100.0,70200.0,70300.0,70400.0,69900.0,69800.0,69700.0,69600.0,69500.0,112175,193949,71710,114641,32384,226433,199122,101819,93063,169539,0.0,0.0,0.0,0.0,0.0,0.0,0.0,0.0,0.0,0.0,0.0
143940787,005930,69900.0,1000000,69910.0,49.99999999965,99.98569589472179,0.0,3.3333333333333335,0.2634241715148459,-1.0057304401010077,0.0,100.0,0.2016752592020236,50.0,0.0,70000.0,70100.0,70200.0,70300.0,70400.0,69900.0,69800.0,69700.0,69600.0,69500.0,112175,193949,71710,114641,32384,226425,199123,101819,93064,169611,0.0,0.0,0.0,0.0,0.0,0.0,0.0,0.0,0.0,0.0,0.0
143941004,005930,69900.0,7990544,69910.0,49.99999999965,99.98569589472179,0.0,0.0,1.92743587035492,0.990134621195338,0.0,100.0,0.2016752592020236,0.0,0.0,70000.0,70100.0,70200.0,70300.0,70400.0,69900.0,69800.0,69700.0,69600.0,69500.0,112175,193949,71710,114641,32384,226425,199123,101819,93064,169611,0.0,0.0,0.0,0.0,0.0,0.0,0.0,0.0,0.0,0.0,0.0
143941005,005930,69900.0,7990655,69910.0,49.99999999965,99.98569589472179,0.0,0.0,1.777589780501897,0.9846420870522284,0.0,100.0,0.2016752592020236,0.0,0.0,70000.0,70100.0,70200.0,70300.0,70400.0,69900.0,69800.0,69700.0,69600.0,69500.0,112175,193949,71710,114641,32384,226425,199123,101819,93064,169611,0.0,0.0,0.0,0.0,0.0,0.0,0.0,0.0,0.0,0.0,0.0
143941006,005930,69900.0,1000000,69900.0,49.99999999965,100.0,0.0,0.0,0.2412134037657175,-1.0112995189170384,0.0,100.0,0.2017659856144868,0.0,0.0,70000.0,70100.0,70200.0,70300.0,70400.0,69900.0,69800.0,69700.0,69600.0,69500.0,112184,193949,71710,114641,32384,226588,199123,101819,93064,169611,0.0,0.0,0.0,0.0,0.0,0.0,0.0,0.0,0.0,0.0,0.0
143941190,005930,69900.0,7990656,69900.0,49.99999999965,100.0,0.0,0.0,1.9274444055127815,0.9848126779206263,0.0,100.0,0.2017659856144868,0.0,0.0,70000.0,70100.0,70200.0,70300.0,70400.0,69900.0,69800.0,69700.0,69600.0,69500.0,112184,193949,71710,114641,32384,226588,199123,101819,93064,169611,0.0,0.0,0.0,0.0,0.0,0.0,0.0,0.0,0.0,0.0,0.0
143941191,005930,69900.0,1000000,69900.0,49.99999999965,100.0,0.0,0.0,0.24121228663989308,-1.0111732536270834,0.0,100.0,0.20196745489031895,0.0,0.0,70000.0,70100.0,70200.0,70300.0,70400.0,69900.0,69800.0,69700.0,69600.0,69500.0,112184,193949,71710,114641,32384,226915,199128,101819,93064,169611,0.0,0.0,0.0,0.0,0.0,0.0,0.0,0.0,0.0,0.0,0.0
143941392,005930,69900.0,1000000,69900.0,33.333333333022225,100.0,0.0,0.0,0.26342047989653267,-1.0055399341664693,0.0,100.0,0.20198383496828418,0.0,0.0,70000.0,70100.0,70200.0,70300.0,70400.0,69900.0,69800.0,69700.0,69600.0,69500.0,112184,193949,71710,114641,32384,226942,199128,101819,93064,169611,0.0,0.0,0.0,0.0,0.0,0.0,0.0,0.0,0.0,0.0,0.0
143941484,005930,69900.0,7990688,69900.0,33.333333333022225,100.0,0.0,0.0,1.9274425236497519,0.9904983858296883,0.0,100.0,0.20198383496828418,0.0,0.0,70000.0,70100.0,70200.0,70300.0,70400.0,69900.0,69800.0,69700.0,69600.0,69500.0,112184,193949,71710,114641,32384,226942,199128,101819,93064,169611,0.0,0.0,0.0,0.0,0.0,0.0,0.0,0.0,0.0,0.0,0.0
143941592,005930,69900.0,7990734,69900.0,49.9999999993,100.0,0.0,0.0,1.9274468082591638,0.985164195913269,0.0,100.0,0.20198383496828418,0.0,0.0,70000.0,70100.0,70200.0,70300.0,70400.0,69900.0,69800.0,69700.0,69600.0,69500.0,112184,193949,71710,114641,32384,226942,199128,101819,93064,169611,0.0,0.0,0.0,0.0,0.0,0.0,0.0,0.0,0.0,0.0,0.0
143941593,005930,69900.0,1000000,69900.0,49.9999999993,100.0,0.0,0.0,0.24121023278451814,-1.010929003611308,0.0,100.0,0.20194925401501473,0.0,0.0,70000.0,70100.0,70200.0,70300.0,70400.0,69900.0,69800.0,69700.0,69600.0,69500.0,112184,193949,71710,114641,32384,226865,199128,101839,93064,169611,0.0,0.0,0.0,0.0,0.0,0.0,0.0,0.0,0.0,0.0,0.0
143941684,005930,69900.0,7990773,69900.0,49.9999999993,100.0,0.0,0.0,1.927448521027171,0.9853344658139215,0.0,100.0,0.20194925401501473,0.0,0.0,70000.0,70100.0,70200.0,70300.0,70400.0,69900.0,69800.0,69700.0,69600.0,69500.0,112184,193949,71710,114641,32384,226865,199128,101839,93064,169611,0.0,0.0,0.0,0.0,0.0,0.0,0.0,0.0,0.0,0.0,0.0
143941685,005930,69900.0,7990822,69900.0,49.9999999993,100.0,0.0,0.0,1.7775874068996775,0.9801413228101009,0.0,100.0,0.20194925401501473,0.0,0.0,70000.0,70100.0,70200.0,70300.0,70400.0,69900.0,69800.0,69700.0,69600.0,69500.0,112184,193949,71710,114641,32384,226865,199128,101839,93064,169611,0.0,0.0,0.0,0.0,0.0,0.0,0.0,0.0,0.0,0.0,0.0
143941686,005930,69900.0,7990825,69900.0,0.0,100.0,0.0,0.0,1.7775808972181817,0.9750166902069765,0.0,100.0,0.20194925401501473,0.0,0.0,70000.0,70100.0,70200.0,70300.0,70400.0,69900.0,69800.0,69700.0,69600.0,69500.0,112184,193949,71710,114641,32384,226865,199128,101839,93064,169611,0.0,0.0,0.0,0.0,0.0,0.0,0.0,0.0,0.0,0.0,0.0
143941687,005930,69900.0,7990827,69900.0,100.0,100.0,0.0,0.0,1.7775752130133333,0.9699713423101372,0.0,100.0,0.20194925401501473,0.0,0.0,70000.0,70100.0,70200.0,70300.0,70400.0,69900.0,69800.0,69700.0,69600.0,69500.0,112184,193949,71710,114641,32384,226865,199128,101839,93064,169611,0.0,0.0,0.0,0.0,0.0,0.0,0.0,0.0,0.0,0.0,0.0
143941687,005930,69900.0,7990829,69900.0,100.0,100.0,0.0,0.0,1.6493300467253789,0.9650035276430862,0.0,100.0,0.20194925401501473,0.0,0.0,70000.0,70100.0,70200.0,70300.0,70400.0,69900.0,69800.0,69700.0,69600.0,69500.0,112184,193949,71710,114641,32384,226865,199128,101839,93064,169611,0.0,0.0,0.0,0.0,0.0,0.0,0.0,0.0,0.0,0.0,0.0
143941792,005930,69900.0,7990833,69900.0,100.0,100.0,0.0,0.0,1.53834483073281,0.9601118479760833,0.0,100.0,0.20194925401501473,0.0,0.0,70000.0,70100.0,70200.0,70300.0,70400.0,69900.0,69800.0,69700.0,69600.0,69500.0,112184,193949,71710,114641,32384,226865,199128,101839,93064,169611,0.0,0.0,0.0,0.0,0.0,0.0,0.0,0.0,0.0,0.0,0.0
143941793,005930,69900.0,7990849,69900.0,100.0,100.0,0.0,0.0,1.4413565623939755,0.9552972389690985,0.0,100.0,0.20194925401501473,0.0,0.0,70000.0,70100.0,70200.0,70300.0,70400.0,69900.0,69800.0,69700.0,69600.0,69500.0,112184,193949,71710,114641,32384,226865,199128,101839,93064,169611,0.0,0.0,0.0,0.0,0.0,0.0,0.0,0.0,0.0,0.0,0.0
143941794,005930,69900.0,1000000,69900.0,100.0,100.0,0.0,0.0,0.18037589777931926,-1.042571753164207,0.0,100.0,0.20166096912681242,0.0,0.0,70000.0,70100.0,70200.0,70300.0,70400.0,69900.0,69800.0,69700.0,69600.0,69500.0,112182,193949,71710,114641,32384,226751,198764,101839,93064,169611,0.0,0.0,0.0,0.0,0.0,0.0,0.0,0.0,0.0,0.0,0.0
143941886,005930,69950.0,7990916,69910.0,100.0,100.05721642111286,10.0,3.3333333333333335,1.441363551829131,0.9557697032781473,7990916.0,100.0,0.20166096912681242,50.0,0.07153075822603719,70000.0,70100.0,70200.0,70300.0,70400.0,69900.0,69800.0,69700.0,69600.0,69500.0,112182,193949,71710,114641,32384,226751,198764,101839,93064,169611,0.0,0.0,0.0,0.0,0.0,0.0,0.0,0.0,0.0,0.0,0.0
143941996,005930,69900.0,1000000,69910.0,49.9999999993,99.98569589472179,0.0,3.3333333333333335,0.18037526008646956,-1.042123236970177,-1000000.0,100.0,0.20166096912681242,-100.0,0.0,70000.0,70100.0,70200.0,70300.0,70400.0,69900.0,69800.0,69700.0,69600.0,69500.0,112182,193949,71710,114641,32384,226751,198764,101839,93064,169611,0.0,0.0,0.0,0.0,0.0,0.0,0.0,0.0,0.0,0.0,0.0
143942090,005930,69900.0,7990952,69910.0,49.9999999993,99.98569589472179,0.0,3.3333333333333335,1.3558820364683215,0.9562240731373927,0.0,100.0,0.20166096912681242,50.0,0.0,70000.0,70100.0,70200.0,70300.0,70400.0,69900.0,69800.0,69700.0,69600.0,69500.0,112182,193949,71710,114641,32384,226751,198764,101839,93064,169611,0.0,0.0,0.0,0.0,0.0,0.0,0.0,0.0,0.0,0.0,0.0
143942181,005930,69900.0,7991002,69910.0,49.9999999993,99.98569589472179,0.0,0.0,1.3558852518891336,0.9515787985668782,0.0,100.0,0.20166096912681242,0.0,0.0,70000.0,70100.0,70200.0,70300.0,70400.0,69900.0,69800.0,69700.0,69600.0,69500.0,112182,193949,71710,114641,32384,226751,198764,101839,93064,169611,0.0,0.0,0.0,0.0,0.0,0.0,0.0,0.0,0.0,0.0,0.0
143942183,005930,69900.0,7991013,69910.0,49.9999999993,99.98569589472179,0.0,0.0,1.355883000230106,0.9469897778189669,0.0,100.0,0.20166096912681242,0.0,0.0,70000.0,70100.0,70200.0,70300.0,70400.0,69900.0,69800.0,69700.0,69600.0,69500.0,112182,193949,71710,114641,32384,226751,198764,101839,93064,169611,0.0,0.0,0.0,0.0,0.0,0.0,0.0,0.0,0.0,0.0,0.0
143942184,005930,69900.0,1000000,69900.0,49.9999999993,100.0,0.0,0.0,0.16967598478817467,-1.0518470819605805,0.0,100.0,0.2016057146160188,0.0,0.0,70000.0,70100.0,70200.0,70300.0,70400.0,69900.0,69800.0,69700.0,69600.0,69500.0,112182,193949,71710,114641,32384,226660,198764,101839,93064,169611,0.0,0.0,0.0,0.0,0.0,0.0,0.0,0.0,0.0,0.0,0.0
143942382,005930,69900.0,1000000,69900.0,49.9999999993,100.0,0.0,0.0,0.18037345114557568,-1.0462964008000473,0.0,100.0,0.20160692908307384,0.0,0.0,70000.0,70100.0,70200.0,70300.0,70400.0,69900.0,69800.0,69700.0,69600.0,69500.0,112182,193949,71710,114641,32384,226662,198764,101839,93064,169611,0.0,0.0,0.0,0.0,0.0,0.0,0.0,0.0,0.0,0.0,0.0
143942582,005930,69900.0,7991016,69900.0,49.9999999993,100.0,0.0,0.0,1.3558793681750536,0.9525292987152713,0.0,100.0,0.20160692908307384,0.0,0.0,70000.0,70100.0,70200.0,70300.0,70400.0,69900.0,69800.0,69700.0,69600.0,69500.0,112182,193949,71710,114641,32384,226662,198764,101839,93064,169611,0.0,0.0,0.0,0.0,0.0,0.0,0.0,0.0,0.0,0.0,0.0
143942584,005930,69900.0,7991017,69900.0,49.9999999993,100.0,0.0,0.0,1.2799645781648727,0.9480198858832171,0.0,100.0,0.20160692908307384,0.0,0.0,70000.0,70100.0,70200.0,70300.0,70400.0,69900.0,69800.0,69700.0,69600.0,69500.0,112182,193949,71710,114641,32384,226662,198764,101839,93064,169611,0.0,0.0,0.0,0.0,0.0,0.0,0.0,0.0,0.0,0.0,0.0
143942585,005930,69900.0,1000000,69900.0,49.9999999993,100.0,0.0,0.0,0.16967499298054553,-1.050793018320697,0.0,100.0,0.2016117869143468,0.0,0.0,70000.0,70100.0,70200.0,70300.0,70400.0,69900.0,69800.0,69700.0,69600.0,69500.0,112182,193949,71710,114641,32384,226665,198764,101844,93064,169611,0.0,0.0,0.0,0.0,0.0,0.0,0.0,0.0,0.0,0.0,0.0
143942691,005930,69900.0,7991113,69900.0,49.9999999993,100.0,0.0,0.0,1.3558876825403305,0.948546783334973,0.0,100.0,0.2016117869143468,0.0,0.0,70000.0,70100.0,70200.0,70300.0,70400.0,69900.0,69800.0,69700.0,69600.0,69500.0,112182,193949,71710,114641,32384,226665,198764,101844,93064,169611,0.0,0.0,0.0,0.0,0.0,0.0,0.0,0.0,0.0,0.0,0.0
143942692,005930,69900.0,7991159,69900.0,49.9999999993,100.0,0.0,0.0,1.2799786096780892,0.9441523563271146,0.0,100.0,0.2016117869143468,0.0,0.0,70000.0,70100.0,70200.0,70300.0,70400.0,69900.0,69800.0,69700.0,69600.0,69500.0,112182,193949,71710,114641,32384,226665,198764,101844,93064,169611,0.0,0.0,0.0,0.0,0.0,0.0,0.0,0.0,0.0,0.0,0.0
143942800,005930,69900.0,1000000,69900.0,49.9999999993,100.0,0.0,0.0,0.16967389178536832,-1.0551783484114652,0.0,100.0,0.20156941616227847,0.0,0.0,70000.0,70100.0,70200.0,70300.0,70400.0,69900.0,69800.0,69700.0,69600.0,69500.0,112136,193949,71710,114641,32384,226523,198764,101847,93064,169611,0.0,0.0,0.0,0.0,0.0,0.0,0.0,0.0,0.0,0.0,0.0
143942893,005930,69900.0,7991166,69900.0,49.9999999993,100.0,0.0,0.0,1.35588827811085,0.9446824108483141,0.0,100.0,0.20156941616227847,0.0,-0.07147962830593281,70000.0,70100.0,70200.0,70300.0,70400.0,69900.0,69800.0,69700.0,69600.0,69500.0,112136,193949,71710,114641,32384,226523,198764,101847,93064,169611,0.0,0.0,0.0,0.0,0.0,0.0,0.0,0.0,0.0,0.0,0.0
143942986,005930,69900.0,1000000,69900.0,0.0,100.0,0.0,0.0,0.18037080124281255,-1.054629878733385,0.0,100.0,0.2015791335303447,0.0,-0.07147962830593281,70000.0,70100.0,70200.0,70300.0,70400.0,69900.0,69800.0,69700.0,69600.0,69500.0,112136,193949,71710,114641,32384,226539,198764,101847,93064,169611,0.0,0.0,0.0,0.0,0.0,0.0,0.0,0.0,0.0,0.0,0.0
143943094,005930,69900.0,7991172,69900.0,100.0,100.0,0.0,0.0,1.4413696118370207,0.945202262390863,0.0,100.0,0.2015791335303447,0.0,0.0,70000.0,70100.0,70200.0,70300.0,70400.0,69900.0,69800.0,69700.0,69600.0,69500.0,112136,193949,71710,114641,32384,226539,198764,101847,93064,169611,0.0,0.0,0.0,0.0,0.0,0.0,0.0,0.0,0.0,0.0,0.0
143943095,005930,69900.0,7991173,69900.0,100.0,100.0,0.0,0.0,1.4413653205614285,0.9409296463026732,0.0,100.0,0.2015791335303447,0.0,0.0,70000.0,70100.0,70200.0,70300.0,70400.0,69900.0,69800.0,69700.0,69600.0,69500.0,112136,193949,71710,114641,32384,226539,198764,101847,93064,169611,0.0,0.0,0.0,0.0,0.0,0.0,0.0,0.0,0.0,0.0,0.0
143943189,005930,69900.0,1000000,69900.0,100.0,100.0,0.0,0.0,0.1925065886342493,-1.0588726976968321,0.0,100.0,0.2015754895450386,0.0,0.0,70000.0,70100.0,70200.0,70300.0,70400.0,69900.0,69800.0,69700.0,69600.0,69500.0,112136,193949,71710,114641,32384,226533,198764,101847,93064,169611,0.0,0.0,0.0,0.0,0.0,0.0,0.0,0.0,0.0,0.0,0.0
143943391,005930,69900.0,7991185,69900.0,100.0,100.0,0.0,0.0,1.5383507882984555,0.9414775698238818,0.0,100.0,0.2015754895450386,0.0,0.0,70000.0,70100.0,70200.0,70300.0,70400.0,69900.0,69800.0,69700.0,69600.0,69500.0,112136,193949,71710,114641,32384,226533,198764,101847,93064,169611,0.0,0.0,0.0,0.0,0.0,0.0,0.0,0.0,0.0,0.0,0.0
143943392,005930,69900.0,1000000,69900.0,100.0,100.0,0.0,0.0,0.19250596604864678,-1.0583001783066877,0.0,100.0,0.20159431644443093,0.0,0.0,70000.0,70100.0,70200.0,70300.0,70400.0,69900.0,69800.0,69700.0,69600.0,69500.0,112136,193949,71710,114641,32384,226534,198794,101847,93064,169611,0.0,0.0,0.0,0.0,0.0,0.0,0.0,0.0,0.0,0.0,0.0
143943483,005930,69900.0,7991251,69900.0,100.0,100.0,0.0,0.0,1.5383585332936887,0.9420308566038819,0.0,100.0,0.20159431644443093,0.0,0.0,70000.0,70100.0,70200.0,70300.0,70400.0,69900.0,69800.0,69700.0,69600.0,69500.0,112136,193949,71710,114641,32384,226534,198794,101847,93064,169611,0.0,0.0,0.0,0.0,0.0,0.0,0.0,0.0,0.0,0.0,0.0
143943485,005930,69900.0,7991253,69900.0,100.0,100.0,0.0,0.0,1.4413655683006725,0.9378852279296463,0.0,100.0,0.20159431644443093,0.0,0.0,70000.0,70100.0,70200.0,70300.0,70400.0,69900.0,69800.0,69700.0,69600.0,69500.0,112136,193949,71710,114641,32384,226534,198794,101847,93064,169611,0.0,0.0,0.0,0.0,0.0,0.0,0.0,0.0,0.0,0.0,0.0
143943591,005930,69900.0,1000000,69900.0,100.0,100.0,0.0,0.0,0.19250478759406747,-1.0624086431057962,0.0,100.0,0.20048870702866736,0.0,0.0,70000.0,70100.0,70200.0,70300.0,70400.0,69900.0,69800.0,69700.0,69600.0,69500.0,112136,193949,71710,114641,32384,224716,198794,101847,93064,169611,0.0,0.0,0.0,0.0,0.0,0.0,0.0,0.0,0.0,0.0,0.0
143943685,005930,69900.0,7991283,69900.0,100.0,100.0,0.0,0.0,1.5383560757393024,0.9384523198792212,0.0,100.0,0.20048870702866736,0.0,0.0,70000.0,70100.0,70200.0,70300.0,70400.0,69900.0,69800.0,69700.0,69600.0,69500.0,112136,193949,71710,114641,32384,224716,198794,101847,93064,169611,0.0,0.0,0.0,0.0,0.0,0.0,0.0,0.0,0.0,0.0,0.0
143943686,005930,69900.0,7991380,69900.0,100.0,100.0,0.0,0.0,1.5383693144354358,0.9344208894787668,0.0,100.0,0.20048870702866736,0.0,0.0,70000.0,70100.0,70200.0,70300.0,70400.0,69900.0,69800.0,69700.0,69600.0,69500.0,112136,193949,71710,114641,32384,224716,198794,101847,93064,169611,0.0,0.0,0.0,0.0,0.0,0.0,0.0,0.0,0.0,0.0,0.0
143943810,005930,69900.0,7991480,69900.0,100.0,100.0,0.0,0.0,1.4413912249491476,0.9304423123002242,0.0,100.0,0.20048870702866736,0.0,0.0,70000.0,70100.0,70200.0,70300.0,70400.0,69900.0,69800.0,69700.0,69600.0,69500.0,112136,193949,71710,114641,32384,224716,198794,101847,93064,169611,0.0,0.0,0.0,0.0,0.0,0.0,0.0,0.0,0.0,0.0,0.0
143943811,005930,69900.0,7991481,69900.0,100.0,100.0,0.0,0.0,1.3559001763607594,0.9264864415816904,0.0,100.0,0.20048870702866736,0.0,0.0,70000.0,70100.0,70200.0,70300.0,70400.0,69900.0,69800.0,69700.0,69600.0,69500.0,112136,193949,71710,114641,32384,224716,198794,101847,93064,169611,0.0,0.0,0.0,0.0,0.0,0.0,0.0,0.0,0.0,0.0,0.0
143943812,005930,69900.0,7991483,69900.0,100.0,100.0,0.0,0.0,1.355895143976299,0.9225808917345196,0.0,100.0,0.20048870702866736,0.0,0.0,70000.0,70100.0,70200.0,70300.0,70400.0,69900.0,69800.0,69700.0,69600.0,69500.0,112136,193949,71710,114641,32384,224716,198794,101847,93064,169611,0.0,0.0,0.0,0.0,0.0,0.0,0.0,0.0,0.0,0.0,0.0
143943813,005930,69900.0,7991539,69900.0,100.0,100.0,0.0,0.0,1.3558986410013774,0.9187397152168201,0.0,100.0,0.20048870702866736,0.0,0.0,70000.0,70100.0,70200.0,70300.0,70400.0,69900.0,69800.0,69700.0,69600.0,69500.0,112136,193949,71710,114641,32384,224716,198794,101847,93064,169611,0.0,0.0,0.0,0.0,0.0,0.0,0.0,0.0,0.0,0.0,0.0
143943813,005930,69900.0,1000000,69900.0,100.0,100.0,0.0,0.0,0.16966677394696783,-1.0846519152191971,0.0,100.0,0.20039369358937636,0.0,0.0,70000.0,70100.0,70200.0,70300.0,70400.0,69900.0,69800.0,69700.0,69600.0,69500.0,112136,193949,71710,114641,32384,224560,198794,101847,93064,169611,0.0,0.0,0.0,0.0,0.0,0.0,0.0,0.0,0.0,0.0,0.0
143943996,005930,69900.0,7991546,69900.0,100.0,100.0,0.0,0.0,1.3558948480796986,0.9194436209397676,0.0,100.0,0.20039369358937636,0.0,0.0,70000.0,70100.0,70200.0,70300.0,70400.0,69900.0,69800.0,69700.0,69600.0,69500.0,112136,193949,71710,114641,32384,224560,198794,101847,93064,169611,0.0,0.0,0.0,0.0,0.0,0.0,0.0,0.0,0.0,0.0,0.0
143943998,005930,69900.0,7991562,69900.0,100.0,100.0,0.0,0.0,1.3558929272480649,0.915667326647601,0.0,100.0,0.20039369358937636,0.0,0.0,70000.0,70100.0,70200.0,70300.0,70400.0,69900.0,69800.0,69700.0,69600.0,69500.0,112136,193949,71710,114641,32384,224560,198794,101847,93064,169611,0.0,0.0,0.0,0.0,0.0,0.0,0.0,0.0,0.0,0.0,0.0
143943999,005930,69900.0,1000000,69900.0,100.0,100.0,0.0,0.0,0.1696655706666688,-1.0883313811801385,0.0,100.0,0.20049905969293205,0.0,0.0,70000.0,70100.0,70200.0,70300.0,70400.0,69900.0,69800.0,69700.0,69600.0,69500.0,112136,193949,71710,114641,32384,224723,198804,101847,93064,169611,0.0,0.0,0.0,0.0,0.0,0.0,0.0,0.0,0.0,0.0,0.0
143944182,005930,69950.0,7991565,69910.0,100.0,100.05721642111286,10.0,3.3333333333333335,1.3558888467940606,0.9163860227541041,7991565.0,100.0,0.20049905969293205,50.0,0.07153075822603719,70000.0,70100.0,70200.0,70300.0,70400.0,69900.0,69800.0,69700.0,69600.0,69500.0,112136,193949,71710,114641,32384,224723,198804,101847,93064,169611,0.0,0.0,0.0,0.0,0.0,0.0,0.0,0.0,0.0,0.0,0.0
143944183,005930,69900.0,1000000,69910.0,49.9999999993,99.98569589472179,0.0,3.3333333333333335,0.16966499637981555,-1.0875161991329212,-1000000.0,100.0,0.20049905969293205,-100.0,0.0,70000.0,70100.0,70200.0,70300.0,70400.0,69900.0,69800.0,69700.0,69600.0,69500.0,112136,193949,71710,114641,32384,224723,198804,101847,93064,169611,0.0,0.0,0.0,0.0,0.0,0.0,0.0,0.0,0.0,0.0,0.0
143944384,005930,69900.0,1000000,69910.0,49.9999999993,99.98569589472179,0.0,3.3333333333333335,0.18036187283115412,-1.0823251633297426,0.0,100.0,0.20045179529986656,50.0,0.0,70000.0,70100.0,70200.0,70300.0,70400.0,69900.0,69800.0,69700.0,69600.0,69500.0,112213,193949,71710,114641,32384,224760,198799,101853,93064,169611,0.0,0.0,0.0,0.0,0.0,0.0,0.0,0.0,0.0,0.0,0.0
143944492,005930,69900.0,7991578,69910.0,49.9999999993,99.98569589472179,0.0,0.0,1.4413707105977527,0.9214873004617715,0.0,100.0,0.20045179529986656,0.0,0.0,70000.0,70100.0,70200.0,70300.0,70400.0,69900.0,69800.0,69700.0,69600.0,69500.0,112213,193949,71710,114641,32384,224760,198799,101853,93064,169611,0.0,0.0,0.0,0.0,0.0,0.0,0.0,0.0,0.0,0.0,0.0
143944587,005930,69900.0,1000000,69910.0,49.9999999993,99.98569589472179,0.0,0.0,0.18036121409285533,-1.0815777865334524,0.0,100.0,0.20021423227593604,0.0,0.0,70000.0,70100.0,70200.0,70300.0,70400.0,69900.0,69800.0,69700.0,69600.0,69500.0,112213,193949,71710,114641,32384,224750,198770,101853,92713,169611,0.0,0.0,0.0,0.0,0.0,0.0,0.0,0.0,0.0,0.0,0.0
143944695,005930,69900.0,7991703,69900.0,49.9999999993,100.0,0.0,0.0,1.4413865225207338,0.9221783680515464,0.0,100.0,0.20021423227593604,0.0,0.0,70000.0,70100.0,70200.0,70300.0,70400.0,69900.0,69800.0,69700.0,69600.0,69500.0,112213,193949,71710,114641,32384,224750,198770,101853,92713,169611,0.0,0.0,0.0,0.0,0.0,0.0,0.0,0.0,0.0,0.0,0.0
143944788,005930,69900.0,1000000,69900.0,49.9999999993,100.0,0.0,0.0,0.18036037156545154,-1.080843876850374,0.0,100.0,0.20015999939047852,0.0,0.0,70000.0,70100.0,70200.0,70300.0,70400.0,69900.0,69800.0,69700.0,69600.0,69500.0,112213,193949,71710,114641,32384,224661,198770,101853,92713,169611,0.0,0.0,0.0,0.0,0.0,0.0,0.0,0.0,0.0,0.0,0.0
143944992,005930,69900.0,1000000,69900.0,49.9999999993,100.0,0.0,0.0,0.1924967592929952,-1.0758283348249493,0.0,100.0,0.20020326442049832,0.0,0.0,70000.0,70100.0,70200.0,70300.0,70400.0,69900.0,69800.0,69700.0,69600.0,69500.0,112213,193949,71710,114641,32384,224732,198770,101853,92713,169611,0.0,0.0,0.0,0.0,0.0,0.0,0.0,0.0,0.0,0.0,0.0
143945195,005930,69900.0,1000000,69900.0,49.9999999993,100.0,0.0,0.0,0.20638429167879174,-1.0708819732775892,0.0,100.0,0.2002087483858188,0.0,0.0,70000.0,70100.0,70200.0,70300.0,70400.0,69900.0,69800.0,69700.0,69600.0,69500.0,112213,193949,71710,114641,32384,224740,198770,101854,92713,169611,0.0,0.0,0.0,0.0,0.0,0.0,0.0,0.0,0.0,0.0,0.0
143945287,005930,69900.0,7991708,69900.0,49.9999999993,100.0,0.0,0.0,1.5383711542251486,0.9313956635366016,0.0,100.0,0.2002087483858188,0.0,0.0,70000.0,70100.0,70200.0,70300.0,70400.0,69900.0,69800.0,69700.0,69600.0,69500.0,112213,193949,71710,114641,32384,224740,198770,101854,92713,169611,0.0,0.0,0.0,0.0,0.0,0.0,0.0,0.0,0.0,0.0,0.0
143945289,005930,69900.0,7991712,69900.0,49.9999999993,100.0,0.0,0.0,1.5383655722398244,0.9277179075988699,0.0,100.0,0.2002087483858188,0.0,0.0,70000.0,70100.0,70200.0,70300.0,70400.0,69900.0,69800.0,69700.0,69600.0,69500.0,112213,193949,71710,114641,32384,224740,198770,101854,92713,169611,0.0,0.0,0.0,0.0,0.0,0.0,0.0,0.0,0.0,0.0,0.0
143945398,005930,69900.0,1000000,69900.0,49.9999999993,100.0,0.0,0.0,0.20638267949047462,-1.0744973952098371,0.0,100.0,0.20021849913644083,0.0,0.0,70000.0,70100.0,70200.0,70300.0,70400.0,69900.0,69800.0,69700.0,69600.0,69500.0,112209,193949,71710,114641,32384,224731,198779,101864,92713,169611,0.0,0.0,0.0,0.0,0.0,0.0,0.0,0.0,0.0,0.0,0.0
143945491,005930,69950.0,7991812,69910.0,66.66666666604445,100.05721642111286,10.0,3.3333333333333335,1.6493659238948521,0.9283336511167134,7991812.0,100.0,0.20021849913644083,50.0,0.07153075822603719,70000.0,70100.0,70200.0,70300.0,70400.0,69900.0,69800.0,69700.0,69600.0,69500.0,112209,193949,71710,114641,32384,224731,198779,101864,92713,169611,0.0,0.0,0.0,0.0,0.0,0.0,0.0,0.0,0.0,0.0,0.0
143945493,005930,69900.0,7991840,69910.0,49.99999999965,99.98569589472179,0.0,3.3333333333333335,1.6493655924222101,0.9247317548617124,-7991840.0,100.0,0.20021849913644083,-100.0,0.0,70000.0,70100.0,70200.0,70300.0,70400.0,69900.0,69800.0,69700.0,69600.0,69500.0,112209,193949,71710,114641,32384,224731,198779,101864,92713,169611,0.0,0.0,0.0,0.0,0.0,0.0,0.0,0.0,0.0,0.0,0.0
143945599,005930,69900.0,1000000,69910.0,33.333333333022225,99.98569589472179,0.0,3.3333333333333335,0.2224284257300087,-1.0780358749425847,0.0,100.0,0.20020814064578454,50.0,0.0,70000.0,70100.0,70200.0,70300.0,70400.0,69900.0,69800.0,69700.0,69600.0,69500.0,112209,193949,71710,114641,32384,224704,198779,101869,92718,169611,0.0,0.0,0.0,0.0,0.0,0.0,0.0,0.0,0.0,0.0,0.0
143945784,005930,69950.0,7992106,69920.0,66.66666666604445,100.0429061784897,10.0,3.3333333333333335,1.7776603461952059,0.9254106703032894,7992106.0,100.0,0.20020814064578454,50.0,0.07153075822603719,70000.0,70100.0,70200.0,70300.0,70400.0,69900.0,69800.0,69700.0,69600.0,69500.0,112209,193949,71710,114641,32384,224704,198779,101869,92718,169611,0.0,0.0,0.0,0.0,0.0,0.0,0.0,0.0,0.0,0.0,0.0
143945786,005930,70000.0,7992167,69940.0,74.999999999475,100.08578781812983,20.0,10.0,1.649411786582008,0.9218843695955463,7992167.0,100.0,0.20020814064578454,0.0,0.14306151645207438,70000.0,70100.0,70200.0,70300.0,70400.0,69900.0,69800.0,69700.0,69600.0,69500.0,112209,193949,71710,114641,32384,224704,198779,101869,92718,169611,0.0,0.0,0.0,0.0,0.0,0.0,0.0,0.0,0.0,0.0,0.0
143945787,005930,69900.0,1000000,69930.0,49.999999999766665,99.95709995709996,0.0,10.0,0.22242548698920445,-1.081499897716989,-1000000.0,100.0,0.20017887602169976,-150.0,0.0,70000.0,70100.0,70200.0,70300.0,70400.0,69900.0,69800.0,69700.0,69600.0,69500.0,112255,193949,71710,114641,32384,224725,198779,101869,92718,169611,0.0,0.0,0.0,0.0,0.0,0.0,0.0,0.0,0.0,0.0,0.0
143945985,005930,69900.0,1000000,69930.0,49.999999999766665,99.95709995709996,0.0,6.666666666666667,0.24117832688106947,-1.076703867488669,0.0,100.0,0.2003126861907599,100.0,0.0,70000.0,70100.0,70200.0,70300.0,70400.0,69900.0,69800.0,69700.0,69600.0,69500.0,112255,193804,71710,114641,32384,224726,198779,101870,92718,169611,0.0,0.0,0.0,0.0,0.0,0.0,0.0,0.0,0.0,0.0,0.0
143946093,005930,69900.0,7992168,69930.0,49.999999999766665,99.95709995709996,0.0,0.0,1.7776498790419428,0.9266047172273405,0.0,100.0,0.2003126861907599,0.0,0.0,70000.0,70100.0,70200.0,70300.0,70400.0,69900.0,69800.0,69700.0,69600.0,69500.0,112255,193804,71710,114641,32384,224726,198779,101870,92718,169611,0.0,0.0,0.0,0.0,0.0,0.0,0.0,0.0,0.0,0.0,0.0
143946201,005930,69900.0,1000000,69920.0,49.999999999766665,99.97139588100687,0.0,0.0,0.24117657315921318,-1.0760547934554627,0.0,100.0,0.2003096397466501,0.0,0.0,70000.0,70100.0,70200.0,70300.0,70400.0,69900.0,69800.0,69700.0,69600.0,69500.0,112255,193804,71710,114641,32384,224721,198779,101870,92718,169611,0.0,0.0,0.0,0.0,0.0,0.0,0.0,0.0,0.0,0.0,0.0
143946295,005930,69900.0,7992183,69900.0,49.999999999766665,100.0,0.0,0.0,1.7776409978507652,0.9271832858425731,0.0,100.0,0.2003096397466501,0.0,0.0,70000.0,70100.0,70200.0,70300.0,70400.0,69900.0,69800.0,69700.0,69600.0,69500.0,112255,193804,71710,114641,32384,224721,198779,101870,92718,169611,0.0,0.0,0.0,0.0,0.0,0.0,0.0,0.0,0.0,0.0,0.0
143946388,005930,69900.0,7992218,69900.0,49.999999999766665,100.0,0.0,0.0,1.6493900420895646,0.9237224555353023,0.0,100.0,0.2003096397466501,0.0,0.0,70000.0,70100.0,70200.0,70300.0,70400.0,69900.0,69800.0,69700.0,69600.0,69500.0,112255,193804,71710,114641,32384,224721,198779,101870,92718,169611,0.0,0.0,0.0,0.0,0.0,0.0,0.0,0.0,0.0,0.0,0.0
143946389,005930,69900.0,7992238,69900.0,49.999999999766665,100.0,0.0,0.0,1.6493829366902533,0.9202959691695172,0.0,100.0,0.2003096397466501,0.0,0.0,70000.0,70100.0,70200.0,70300.0,70400.0,69900.0,69800.0,69700.0,69600.0,69500.0,112255,193804,71710,114641,32384,224721,198779,101870,92718,169611,0.0,0.0,0.0,0.0,0.0,0.0,0.0,0.0,0.0,0.0,0.0
143946390,005930,69900.0,1000000,69900.0,49.999999999766665,100.0,0.0,0.0,0.20637310058712632,-1.0834722884949266,0.0,100.0,0.19981632037625385,0.0,0.0,70000.0,70100.0,70200.0,70300.0,70400.0,69900.0,69800.0,69700.0,69600.0,69500.0,112844,193804,71710,114641,32384,224794,198780,101870,92718,169611,0.0,0.0,0.0,0.0,0.0,0.0,0.0,0.0,0.0,0.0,0.0
143946590,005930,69900.0,7992242,69900.0,49.999999999766665,100.0,0.0,0.0,1.6493745887651892,0.9209091615815184,0.0,100.0,0.19981632037625385,0.0,0.0,70000.0,70100.0,70200.0,70300.0,70400.0,69900.0,69800.0,69700.0,69600.0,69500.0,112844,193804,71710,114641,32384,224794,198780,101870,92718,169611,0.0,0.0,0.0,0.0,0.0,0.0,0.0,0.0,0.0,0.0,0.0
143946592,005930,69900.0,7992244,69900.0,39.999999999775994,100.0,0.0,0.0,1.538380606263216,0.917538084369463,0.0,100.0,0.19981632037625385,0.0,0.0,70000.0,70100.0,70200.0,70300.0,70400.0,69900.0,69800.0,69700.0,69600.0,69500.0,112844,193804,71710,114641,32384,224794,198780,101870,92718,169611,0.0,0.0,0.0,0.0,0.0,0.0,0.0,0.0,0.0,0.0,0.0
143946593,005930,69900.0,1000000,69900.0,49.99999999965,100.0,0.0,0.0,0.1924841892043356,-1.0867537102420604,0.0,100.0,0.19981327356869089,0.0,0.0,70000.0,70100.0,70200.0,70300.0,70400.0,69900.0,69800.0,69700.0,69600.0,69500.0,112844,193804,71710,114641,32384,224788,198780,101870,92719,169611,0.0,0.0,0.0,0.0,0.0,0.0,0.0,0.0,0.0,0.0,0.0
143946684,005930,69900.0,7992248,69900.0,49.99999999965,100.0,0.0,0.0,1.4413836651824472,0.9181642387536194,0.0,100.0,0.19981327356869089,0.0,0.0,70000.0,70100.0,70200.0,70300.0,70400.0,69900.0,69800.0,69700.0,69600.0,69500.0,112844,193804,71710,114641,32384,224788,198780,101870,92719,169611,0.0,0.0,0.0,0.0,0.0,0.0,0.0,0.0,0.0,0.0,0.0
143946685,005930,69900.0,7992252,69900.0,33.333333333022225,100.0,0.0,0.0,1.4413773159576375,0.9148522962959517,0.0,100.0,0.19981327356869089,0.0,0.0,70000.0,70100.0,70200.0,70300.0,70400.0,69900.0,69800.0,69700.0,69600.0,69500.0,112844,193804,71710,114641,32384,224788,198780,101870,92719,169611,0.0,0.0,0.0,0.0,0.0,0.0,0.0,0.0,0.0,0.0,0.0
143946792,005930,69900.0,7992302,69900.0,0.0,100.0,0.0,0.0,1.441378664830986,0.9115890838501421,0.0,100.0,0.19981327356869089,0.0,0.0,70000.0,70100.0,70200.0,70300.0,70400.0,69900.0,69800.0,69700.0,69600.0,69500.0,112844,193804,71710,114641,32384,224788,198780,101870,92719,169611,0.0,0.0,0.0,0.0,0.0,0.0,0.0,0.0,0.0,0.0,0.0
143946793,005930,69900.0,1000000,69900.0,100.0,100.0,0.0,0.0,0.18034587091816429,-1.0938831367973667,0.0,100.0,0.19983886480406768,0.0,0.0,70000.0,70100.0,70200.0,70300.0,70400.0,69900.0,69800.0,69700.0,69600.0,69500.0,112840,193804,71710,114641,32384,224824,198780,101870,92719,169611,0.0,0.0,0.0,0.0,0.0,0.0,0.0,0.0,0.0,0.0,0.0
143946994,005930,69900.0,7992312,69900.0,100.0,100.0,0.0,0.0,1.4413739696435985,0.9122499951653047,0.0,100.0,0.19983886480406768,0.0,0.0,70000.0,70100.0,70200.0,70300.0,70400.0,69900.0,69800.0,69700.0,69600.0,69500.0,112840,193804,71710,114641,32384,224824,198780,101870,92719,169611,0.0,0.0,0.0,0.0,0.0,0.0,0.0,0.0,0.0,0.0,0.0
143946995,005930,69900.0,1000000,69900.0,100.0,100.0,0.0,0.0,0.19248040645702472,-1.0931213906121513,0.0,100.0,0.19983033410018056,0.0,0.0,70000.0,70100.0,70200.0,70300.0,70400.0,69900.0,69800.0,69700.0,69600.0,69500.0,112840,193804,71710,114641,32384,224714,198775,101870,92720,169711,0.0,0.0,0.0,0.0,0.0,0.0,0.0,0.0,0.0,0.0,0.0
143947195,005930,69900.0,7992327,69900.0,100.0,100.0,0.0,0.0,1.441370345182622,0.9129025683507935,0.0,100.0,0.19983033410018056,0.0,0.0,70000.0,70100.0,70200.0,70300.0,70400.0,69900.0,69800.0,69700.0,69600.0,69500.0,112840,193804,71710,114641,32384,224714,198775,101870,92720,169711,0.0,0.0,0.0,0.0,0.0,0.0,0.0,0.0,0.0,0.0,0.0
143947197,005930,69900.0,1000000,69900.0,100.0,100.0,0.0,0.0,0.19247999706968452,-1.0923719290388116,0.0,100.0,0.19982119385845074,0.0,0.0,70000.0,70100.0,70200.0,70300.0,70400.0,69900.0,69800.0,69700.0,69600.0,69500.0,112840,193804,71710,114641,32384,224699,198775,101870,92720,169711,0.0,0.0,0.0,0.0,0.0,0.0,0.0,0.0,0.0,0.0,0.0
143947382,005930,69900.0,7992337,69900.0,100.0,100.0,0.0,0.0,1.5383624854558744,0.9135441549420885,0.0,100.0,0.19982119385845074,0.0,0.0,70000.0,70100.0,70200.0,70300.0,70400.0,69900.0,69800.0,69700.0,69600.0,69500.0,112840,193804,71710,114641,32384,224699,198775,101870,92720,169711,0.0,0.0,0.0,0.0,0.0,0.0,0.0,0.0,0.0,0.0,0.0
143947384,005930,69900.0,7992352,69900.0,100.0,100.0,0.0,0.0,1.4413694469808016,0.9103667509965392,0.0,100.0,0.19982119385845074,0.0,0.0,70000.0,70100.0,70200.0,70300.0,70400.0,69900.0,69800.0,69700.0,69600.0,69500.0,112840,193804,71710,114641,32384,224699,198775,101870,92720,169711,0.0,0.0,0.0,0.0,0.0,0.0,0.0,0.0,0.0,0.0,0.0
143947385,005930,69900.0,1000000,69900.0,100.0,100.0,0.0,0.0,0.18034358934401307,-1.0954447085077899,0.0,100.0,0.1998163189774785,0.0,0.0,70000.0,70100.0,70200.0,70300.0,70400.0,69900.0,69800.0,69700.0,69600.0,69500.0,112840,193804,71710,114641,32384,224691,198775,101870,92720,169711,0.0,0.0,0.0,0.0,0.0,0.0,0.0,0.0,0.0,0.0,0.0
143947583,005930,69900.0,1000000,69900.0,100.0,100.0,0.0,0.0,0.1924793413125965,-1.0909086879146759,0.0,100.0,0.19964322221223557,0.0,0.0,70000.0,70100.0,70200.0,70300.0,70400.0,69900.0,69800.0,69700.0,69600.0,69500.0,112840,193804,71710,114641,32384,224757,198775,101520,92720,169711,0.0,0.0,0.0,0.0,0.0,0.0,0.0,0.0,0.0,0.0,0.0
143947692,005930,69950.0,7992353,69910.0,100.0,100.05721642111286,10.0,3.3333333333333335,1.4413672228670096,0.9147983605027014,7992353.0,100.0,0.19964322221223557,50.0,0.07153075822603719,70000.0,70100.0,70200.0,70300.0,70400.0,69900.0,69800.0,69700.0,69600.0,69500.0,112840,193804,71710,114641,32384,224757,198775,101520,92720,169711,0.0,0.0,0.0,0.0,0.0,0.0,0.0,0.0,0.0,0.0,0.0
143947694,005930,69950.0,7992354,69920.0,100.0,100.0429061784897,10.0,6.666666666666667,1.44136518071871,0.9116563528669335,0.0,100.0,0.19964322221223557,-50.0,0.07153075822603719,70000.0,70100.0,70200.0,70300.0,70400.0,69900.0,69800.0,69700.0,69600.0,69500.0,112840,193804,71710,114641,32384,224757,198775,101520,92720,169711,0.0,0.0,0.0,0.0,0.0,0.0,0.0,0.0,0.0,0.0,0.0
143947695,005930,69950.0,7992362,69930.0,100.0,100.02860002860004,10.0,10.0,1.4413647518943722,0.9085485027827106,0.0,100.0,0.19964322221223557,0.0,0.07153075822603719,70000.0,70100.0,70200.0,70300.0,70400.0,69900.0,69800.0,69700.0,69600.0,69500.0,112840,193804,71710,114641,32384,224757,198775,101520,92720,169711,0.0,0.0,0.0,0.0,0.0,0.0,0.0,0.0,0.0,0.0,0.0
143947785,005930,69900.0,7992365,69930.0,49.9999999993,99.95709995709996,0.0,6.666666666666667,1.4413636423067437,0.9054708255013987,-7992365.0,100.0,0.19964322221223557,-50.0,0.0,70000.0,70100.0,70200.0,70300.0,70400.0,69900.0,69800.0,69700.0,69600.0,69500.0,112840,193804,71710,114641,32384,224757,198775,101520,92720,169711,0.0,0.0,0.0,0.0,0.0,0.0,0.0,0.0,0.0,0.0,0.0
143947893,005930,69900.0,1000000,69930.0,49.9999999993,99.95709995709996,0.0,3.3333333333333335,0.18034256972832743,-1.1014144737147016,0.0,100.0,0.1996435263470591,50.0,0.0,70000.0,70100.0,70200.0,70300.0,70400.0,69900.0,69800.0,69700.0,69600.0,69500.0,112839,193804,71710,114641,32384,224756,198775,101520,92720,169711,0.0,0.0,0.0,0.0,0.0,0.0,0.0,0.0,0.0,0.0,0.0
143947904,005930,69900.0,7992415,69920.0,49.9999999993,99.97139588100687,0.0,0.0,1.4413704109503909,0.906153243079726,0.0,100.0,0.1996435263470591,0.0,0.0,70000.0,70100.0,70200.0,70300.0,70400.0,69900.0,69800.0,69700.0,69600.0,69500.0,112839,193804,71710,114641,32384,224756,198775,101520,92720,169711,0.0,0.0,0.0,0.0,0.0,0.0,0.0,0.0,0.0,0.0,0.0
143947986,005930,69900.0,1000000,69910.0,49.9999999993,99.98569589472179,0.0,0.0,0.1924780001735959,-1.1006276406610724,0.0,100.0,0.1996130437763271,0.0,0.0,70000.0,70100.0,70200.0,70300.0,70400.0,69900.0,69800.0,69700.0,69600.0,69500.0,112839,193804,71710,114641,32384,224706,198775,101520,92720,169711,0.0,0.0,0.0,0.0,0.0,0.0,0.0,0.0,0.0,0.0,0.0
143948095,005930,69900.0,7992429,69900.0,49.9999999993,100.0,0.0,0.0,1.441370531296873,0.9068158766910728,0.0,100.0,0.1996130437763271,0.0,0.0,70000.0,70100.0,70200.0,70300.0,70400.0,69900.0,69800.0,69700.0,69600.0,69500.0,112839,193804,71710,114641,32384,224706,198775,101520,92720,169711,0.0,0.0,0.0,0.0,0.0,0.0,0.0,0.0,0.0,0.0,0.0
143948285,005930,69900.0,1000000,69900.0,49.9999999993,100.0,0.0,0.0,0.19247766489176596,-1.099852949133125,0.0,100.0,0.19959719192190034,0.0,0.0,70000.0,70100.0,70200.0,70300.0,70400.0,69900.0,69800.0,69700.0,69600.0,69500.0,112839,193804,71710,114641,32384,224690,198765,101520,92720,169711,0.0,0.0,0.0,0.0,0.0,0.0,0.0,0.0,0.0,0.0,0.0
143948393,005930,69900.0,7992432,69900.0,49.9999999993,100.0,0.0,0.0,1.5383619832633262,0.9074661376768659,0.0,100.0,0.19959719192190034,0.0,0.0,70000.0,70100.0,70200.0,70300.0,70400.0,69900.0,69800.0,69700.0,69600.0,69500.0,112839,193804,71710,114641,32384,224690,198765,101520,92720,169711,0.0,0.0,0.0,0.0,0.0,0.0,0.0,0.0,0.0,0.0,0.0
143948503,005930,69900.0,1000000,69900.0,49.9999999993,100.0,0.0,0.0,0.20636419330307332,-1.0990901197038938,0.0,100.0,0.1995938377910626,0.0,0.0,70000.0,70100.0,70200.0,70300.0,70400.0,69900.0,69800.0,69700.0,69600.0,69500.0,112838,193804,71710,114641,32384,224685,198763,101520,92720,169711,0.0,0.0,0.0,0.0,0.0,0.0,0.0,0.0,0.0,0.0,0.0
143948580,005930,69900.0,7992433,69900.0,49.9999999993,100.0,0.0,0.0,1.5383602362891087,0.908106810851378,0.0,100.0,0.1995938377910626,0.0,0.0,70000.0,70100.0,70200.0,70300.0,70400.0,69900.0,69800.0,69700.0,69600.0,69500.0,112838,193804,71710,114641,32384,224685,198763,101520,92720,169711,0.0,0.0,0.0,0.0,0.0,0.0,0.0,0.0,0.0,0.0,0.0
143948691,005930,69900.0,1000000,69900.0,49.9999999993,100.0,0.0,0.0,0.2063639356570043,-1.0983388814587662,0.0,100.0,0.19968101611752134,0.0,0.0,70000.0,70100.0,70200.0,70300.0,70400.0,69900.0,69800.0,69700.0,69600.0,69500.0,112838,193804,71710,114641,32384,224828,198763,101520,92720,169711,0.0,0.0,0.0,0.0,0.0,0.0,0.0,0.0,0.0,0.0,0.0
143948702,005930,70000.0,7992910,69920.0,74.999999999475,100.11441647597255,20.0,6.666666666666667,1.5384431940199559,0.9088746368798991,7992910.0,100.0,0.19968101611752134,100.0,0.07147962830593281,70000.0,70100.0,70200.0,70300.0,70400.0,69900.0,69800.0,69700.0,69600.0,69500.0,112838,193804,71710,114641,32384,224828,198763,101520,92720,169711,0.0,0.0,0.0,0.0,0.0,0.0,0.0,0.0,0.0,0.0,0.0
143948703,005930,70000.0,7992911,69940.0,66.66666666604445,100.08578781812983,20.0,13.333333333333334,1.5384347400332479,0.9059151543374643,0.0,100.0,0.19968101611752134,-100.0,0.07147962830593281,70000.0,70100.0,70200.0,70300.0,70400.0,69900.0,69800.0,69700.0,69600.0,69500.0,112838,193804,71710,114641,32384,224828,198763,101520,92720,169711,0.0,0.0,0.0,0.0,0.0,0.0,0.0,0.0,0.0,0.0,0.0
143948704,005930,70000.0,7992912,69960.0,66.66666666604445,100.05717552887363,20.0,20.0,1.4414296008392593,0.9029843987188194,0.0,100.0,0.19968101611752134,0.0,0.07147962830593281,70000.0,70100.0,70200.0,70300.0,70400.0,69900.0,69800.0,69700.0,69600.0,69500.0,112838,193804,71710,114641,32384,224828,198763,101520,92720,169711,0.0,0.0,0.0,0.0,0.0,0.0,0.0,0.0,0.0,0.0,0.0
143948705,005930,70000.0,7992913,69980.0,66.66666666604445,100.02857959416976,20.0,20.0,1.4414222947932558,0.9000819083020972,0.0,100.0,0.19968101611752134,0.0,0.07147962830593281,70000.0,70100.0,70200.0,70300.0,70400.0,69900.0,69800.0,69700.0,69600.0,69500.0,112838,193804,71710,114641,32384,224828,198763,101520,92720,169711,0.0,0.0,0.0,0.0,0.0,0.0,0.0,0.0,0.0,0.0,0.0
143948894,005930,69900.0,1000000,69980.0,49.99999999965,99.88568162332095,0.0,13.333333333333334,0.19247279510119011,-1.1083074997067657,-1000000.0,100.0,0.20008625392790635,-100.0,0.0,70000.0,70100.0,70200.0,70300.0,70400.0,69900.0,69800.0,69700.0,69600.0,69500.0,112366,193804,71710,114641,32384,224827,198727,101520,92720,169705,0.0,0.0,0.0,0.0,0.0,0.0,0.0,0.0,0.0,0.0,0.0
143948987,005930,69900.0,7992935,69960.0,49.99999999965,99.91423670668954,0.0,6.666666666666667,1.4414186849126904,0.9007605960662768,0.0,100.0,0.20008625392790635,100.0,0.0,70000.0,70100.0,70200.0,70300.0,70400.0,69900.0,69800.0,69700.0,69600.0,69500.0,112366,193804,71710,114641,32384,224827,198727,101520,92720,169705,0.0,0.0,0.0,0.0,0.0,0.0,0.0,0.0,0.0,0.0,0.0
143949080,005930,69900.0,1000000,69940.0,49.99999999965,99.94280812124678,0.0,0.0,0.18033659536987234,-1.1075023960693464,0.0,100.0,0.20030074134111747,0.0,0.0,70000.0,70100.0,70200.0,70300.0,70400.0,69900.0,69800.0,69700.0,69600.0,69500.0,112366,193804,71710,114641,32384,225047,198729,101550,92820,169705,0.0,0.0,0.0,0.0,0.0,0.0,0.0,0.0,0.0,0.0,0.0
143949297,005930,69900.0,1000000,69920.0,49.99999999965,99.97139588100687,0.0,0.0,0.19247171707512165,-1.1032014014528166,0.0,100.0,0.20030561471825858,0.0,0.0,70000.0,70100.0,70200.0,70300.0,70400.0,69900.0,69800.0,69700.0,69600.0,69500.0,112366,193804,71710,114641,32384,225055,198729,101550,92820,169705,0.0,0.0,0.0,0.0,0.0,0.0,0.0,0.0,0.0,0.0,0.0
143949307,005930,69900.0,7992938,69900.0,49.99999999965,100.0,0.0,0.0,1.5384058552261863,0.9049333120006554,0.0,100.0,0.20030561471825858,0.0,0.0,70000.0,70100.0,70200.0,70300.0,70400.0,69900.0,69800.0,69700.0,69600.0,69500.0,112366,193804,71710,114641,32384,225055,198729,101550,92820,169705,0.0,0.0,0.0,0.0,0.0,0.0,0.0,0.0,0.0,0.0,0.0
143949390,005930,69900.0,7992941,69900.0,49.99999999965,100.0,0.0,0.0,1.5383978606469166,0.902080155170659,0.0,100.0,0.20030561471825858,0.0,0.0,70000.0,70100.0,70200.0,70300.0,70400.0,69900.0,69800.0,69700.0,69600.0,69500.0,112366,193804,71710,114641,32384,225055,198729,101550,92820,169705,0.0,0.0,0.0,0.0,0.0,0.0,0.0,0.0,0.0,0.0,0.0
143949392,005930,69900.0,7992958,69900.0,49.99999999965,100.0,0.0,0.0,1.538392353451167,0.8992578323963615,0.0,100.0,0.20030561471825858,0.0,0.0,70000.0,70100.0,70200.0,70300.0,70400.0,69900.0,69800.0,69700.0,69600.0,69500.0,112366,193804,71710,114641,32384,225055,198729,101550,92820,169705,0.0,0.0,0.0,0.0,0.0,0.0,0.0,0.0,0.0,0.0,0.0
143949393,005930,69900.0,7992960,69900.0,49.99999999965,100.0,0.0,0.0,1.441392481911295,0.8964576067116403,0.0,100.0,0.20030561471825858,0.0,0.0,70000.0,70100.0,70200.0,70300.0,70400.0,69900.0,69800.0,69700.0,69600.0,69500.0,112366,193804,71710,114641,32384,225055,198729,101550,92820,169705,0.0,0.0,0.0,0.0,0.0,0.0,0.0,0.0,0.0,0.0,0.0
143949394,005930,69900.0,7992968,69900.0,49.99999999965,100.0,0.0,0.0,1.441386737529872,0.8936851033595413,0.0,100.0,0.20030561471825858,0.0,0.0,70000.0,70100.0,70200.0,70300.0,70400.0,69900.0,69800.0,69700.0,69600.0,69500.0,112366,193804,71710,114641,32384,225055,198729,101550,92820,169705,0.0,0.0,0.0,0.0,0.0,0.0,0.0,0.0,0.0,0.0,0.0
143949395,005930,69900.0,7992969,69900.0,49.99999999965,100.0,0.0,0.0,1.355894064076158,0.890936190826791,0.0,100.0,0.20030561471825858,0.0,0.0,70000.0,70100.0,70200.0,70300.0,70400.0,69900.0,69800.0,69700.0,69600.0,69500.0,112366,193804,71710,114641,32384,225055,198729,101550,92820,169705,0.0,0.0,0.0,0.0,0.0,0.0,0.0,0.0,0.0,0.0,0.0
