time,stock_code,current_price,volume,ma5,rsi14,disparity,stoch_k,stoch_d,vol_ratio,z_vol,obv_delta,spread,bid_ask_imbalance,accel_delta,ret_1s,ask1,ask2,ask3,ask4,ask5,bid1,bid2,bid3,bid4,bid5,ask1_qty,ask2_qty,ask3_qty,ask4_qty,ask5_qty,bid1_qty,bid2_qty,indiv_net_vol,foreign_net_vol,inst_net_vol,pension_net_vol,trust_net_vol,insurance_net_vol,private_fund_net_vol,bank_net_vol,state_net_vol,other_net_vol,prog_net_vol
92715393,005930,70050.0,1211641,70050.0,50.0,100.0,50.0,50.0,1.0,0.0,0.0,0.0,0.0,0.0,0.0,0.0,0.0,0.0,0.0,0.0,0.0,0.0,0.0,0.0,0.0,0,0,0,0,0,0,0,0.0,0.0,0.0,0.0,0.0,0.0,0.0,0.0,0.0,0.0,0.0
92715394,005930,70050.0,1211643,70050.0,50.0,100.0,50.0,50.0,1.0000008253262926,0.0,0.0,0.0,0.0,0.0,0.0,0.0,0.0,0.0,0.0,0.0,0.0,0.0,0.0,0.0,0.0,0,0,0,0,0,0,0,0.0,0.0,0.0,0.0,0.0,0.0,0.0,0.0,0.0,0.0,0.0
92715396,005930,70000.0,1211743,70033.33333333333,50.0,99.95240361732509,50.0,50.0,1.0000555704262994,0.0,-1211743.0,0.0,0.0,-50.0,0.0,0.0,0.0,0.0,0.0,0.0,0.0,0.0,0.0,0.0,0.0,0,0,0,0,0,0,0,0.0,0.0,0.0,0.0,0.0,0.0,0.0,0.0,0.0,0.0,0.0
92715396,005930,70050.0,1211753,70037.5,50.0,100.01784758165269,50.0,50.0,1.0000478668311745,0.0,1211753.0,0.0,0.0,100.0,0.0,0.0,0.0,0.0,0.0,0.0,0.0,0.0,0.0,0.0,0.0,0,0,0,0,0,0,0,0.0,0.0,0.0,0.0,0.0,0.0,0.0,0.0,0.0,0.0,0.0
92715416,005930,70050.0,1211754,70040.0,50.0,100.01427755568247,50.0,50.0,1.0000389533177498,0.0,0.0,0.0,0.0,-50.0,0.0,0.0,0.0,0.0,0.0,0.0,0.0,0.0,0.0,0.0,0.0,0,0,0,0,0,0,0,0.0,0.0,0.0,0.0,0.0,0.0,0.0,0.0,0.0,0.0,0.0
92716114,005930,70050.0,1211755,70040.0,50.0,100.01427755568247,50.0,50.0,1.000033148613487,0.0,0.0,0.0,0.0,0.0,0.0,0.0,0.0,0.0,0.0,0.0,0.0,0.0,0.0,0.0,0.0,0,0,0,0,0,0,0,0.0,0.0,0.0,0.0,0.0,0.0,0.0,0.0,0.0,0.0,0.0
92716208,005930,70050.0,1211756,70040.0,50.0,100.01427755568247,50.0,50.0,1.0000291203359566,0.0,0.0,0.0,0.0,0.0,0.0,0.0,0.0,0.0,0.0,0.0,0.0,0.0,0.0,0.0,0.0,0,0,0,0,0,0,0,0.0,0.0,0.0,0.0,0.0,0.0,0.0,0.0,0.0,0.0,0.0
92716503,005930,70050.0,1211760,70050.0,50.0,100.0,50.0,50.0,1.0000283686333695,0.0,0.0,0.0,0.0,0.0,0.0,0.0,0.0,0.0,0.0,0.0,0.0,0.0,0.0,0.0,0.0,0,0,0,0,0,0,0,0.0,0.0,0.0,0.0,0.0,0.0,0.0,0.0,0.0,0.0,0.0
92716705,005930,70050.0,1211762,70050.0,50.0,100.0,50.0,50.0,1.0000266836194762,0.0,0.0,0.0,0.0,0.0,0.0,0.0,0.0,0.0,0.0,0.0,0.0,0.0,0.0,0.0,0.0,0,0,0,0,0,0,0,0.0,0.0,0.0,0.0,0.0,0.0,0.0,0.0,0.0,0.0,0.0
92716707,005930,70050.0,1211764,70050.0,50.0,100.0,50.0,50.0,1.0000255006651217,0.6735095792066996,0.0,0.0,0.0,0.0,0.0,0.0,0.0,0.0,0.0,0.0,0.0,0.0,0.0,0.0,0.0,0,0,0,0,0,0,0,0.0,0.0,0.0,0.0,0.0,0.0,0.0,0.0,0.0,0.0,0.0
92716905,005930,70050.0,1212764,70050.0,50.0,100.0,50.0,50.0,1.0007733628304976,3.128382899956812,0.0,0.0,0.0,0.0,0.0,0.0,0.0,0.0,0.0,0.0,0.0,0.0,0.0,0.0,0.0,0,0,0,0,0,0,0,0.0,0.0,0.0,0.0,0.0,0.0,0.0,0.0,0.0,0.0,0.0
92717014,005930,70050.0,1212765,70050.0,50.0,100.0,50.0,50.0,1.0007096265796411,2.224204463115799,0.0,0.0,0.0,0.0,0.0,0.0,0.0,0.0,0.0,0.0,0.0,0.0,0.0,0.0,0.0,0,0,0,0,0,0,0,0.0,0.0,0.0,0.0,0.0,0.0,0.0,0.0,0.0,0.0,0.0
92717308,005930,70050.0,1212769,70050.0,50.0,100.0,50.0,50.0,1.0006580505291156,1.8248462300610362,0.0,0.0,0.0,0.0,0.0,0.0,0.0,0.0,0.0,0.0,0.0,0.0,0.0,0.0,0.0,0,0,0,0,0,0,0,0.0,0.0,0.0,0.0,0.0,0.0,0.0,0.0,0.0,0.0,0.0
92717510,005930,70050.0,1212770,70050.0,50.0,100.0,37.5,50.0,1.0006117842938511,1.5821126234344158,0.0,0.0,0.0,0.0,0.0,0.0,0.0,0.0,0.0,0.0,0.0,0.0,0.0,0.0,0.0,0,0,0,0,0,0,0,0.0,0.0,0.0,0.0,0.0,0.0,0.0,0.0,0.0,0.0,0.0
92717602,005930,70050.0,1212950,70050.0,49.9999999993,100.0,37.5,50.0,1.0007095733105393,1.693743328671334,0.0,0.0,0.0,0.0,0.0,0.0,0.0,0.0,0.0,0.0,0.0,0.0,0.0,0.0,0.0,0,0,0,0,0,0,0,0.0,0.0,0.0,0.0,0.0,0.0,0.0,0.0,0.0,0.0,0.0
92717603,005930,70050.0,1213119,70050.0,49.9999999993,100.0,37.5,37.5,1.000795897056831,1.7503772858592472,0.0,0.0,0.0,0.0,0.0,0.0,0.0,0.0,0.0,0.0,0.0,0.0,0.0,0.0,0.0,0,0,0,0,0,0,0,0.0,0.0,0.0,0.0,0.0,0.0,0.0,0.0,0.0,0.0,0.0
92717604,005930,70100.0,1213950,70060.0,100.0,100.05709391949758,50.0,41.666666666666664,1.0013941875596661,2.479985630133092,1213950.0,0.0,0.0,50.0,0.07137758743754462,0.0,0.0,0.0,0.0,0.0,0.0,0.0,0.0,0.0,0.0,0,0,0,0,0,0,0,0.0,0.0,0.0,0.0,0.0,0.0,0.0,0.0,0.0,0.0,0.0
92718299,005930,70100.0,1213951,70070.0,100.0,100.04281432852862,50.0,45.833333333333336,1.0013174096726163,2.0816299964856895,0.0,0.0,0.0,-50.0,0.07137758743754462,0.0,0.0,0.0,0.0,0.0,0.0,0.0,0.0,0.0,0.0,0,0,0,0,0,0,0,0.0,0.0,0.0,0.0,0.0,0.0,0.0,0.0,0.0,0.0,0.0
92718610,005930,70100.0,1213958,70080.0,100.0,100.0285388127854,50.0,50.0,1.0012534550321324,1.834839479593577,0.0,0.0,0.0,0.0,0.0,0.0,0.0,0.0,0.0,0.0,0.0,0.0,0.0,0.0,0.0,0,0,0,0,0,0,0,0.0,0.0,0.0,0.0,0.0,0.0,0.0,0.0,0.0,0.0,0.0
92718812,005930,70100.0,1213963,70090.0,100.0,100.01426737052361,50.0,50.0,1.001194624889022,1.6591940271033616,0.0,0.0,0.0,0.0,0.0,0.0,0.0,0.0,0.0,0.0,0.0,0.0,0.0,0.0,0.0,0,0,0,0,0,0,0,0.0,0.0,0.0,0.0,0.0,0.0,0.0,0.0,0.0,0.0,0.0
92718907,005930,70100.0,1213965,70100.0,100.0,100.0,50.0,50.0,1.0011003349989407,1.524345191119448,0.0,0.0,0.0,0.0,0.0,0.0,0.0,0.0,0.0,0.0,0.0,0.0,0.0,0.0,0.0,0,0,0,0,0,0,0,0.0,0.0,0.0,0.0,0.0,0.0,0.0,0.0,0.0,0.0,0.0
92719016,005930,70000.0,1213976,70080.0,33.333333333022225,99.88584474885845,25.0,41.666666666666664,1.0010131129125945,1.426565982875979,-1213976.0,0.0,0.0,-100.0,-0.14265335235378032,0.0,0.0,0.0,0.0,0.0,0.0,0.0,0.0,0.0,0.0,0,0,0,0,0,0,0,0.0,0.0,0.0,0.0,0.0,0.0,0.0,0.0,0.0,0.0,0.0
92719017,005930,70100.0,1213977,70080.0,59.999999999664,100.0285388127854,50.0,41.666666666666664,1.0009217476672165,1.33822358064944,1213977.0,0.0,0.0,200.0,0.0,0.0,0.0,0.0,0.0,0.0,0.0,0.0,0.0,0.0,0.0,0,0,0,0,0,0,0,0.0,0.0,0.0,0.0,0.0,0.0,0.0,0.0,0.0,0.0,0.0
92719202,005930,70100.0,1213979,70080.0,59.999999999664,100.0285388127854,50.0,41.666666666666664,1.0008315537144004,1.2655944171038536,0.0,0.0,0.0,-100.0,0.0,0.0,0.0,0.0,0.0,0.0,0.0,0.0,0.0,0.0,0.0,0,0,0,0,0,0,0,0.0,0.0,0.0,0.0,0.0,0.0,0.0,0.0,0.0,0.0,0.0
92719311,005930,70100.0,1213980,70080.0,59.999999999664,100.0285388127854,50.0,50.0,1.0007405519653192,1.2030378677111695,0.0,0.0,0.0,0.0,0.0,0.0,0.0,0.0,0.0,0.0,0.0,0.0,0.0,0.0,0.0,0,0,0,0,0,0,0,0.0,0.0,0.0,0.0,0.0,0.0,0.0,0.0,0.0,0.0,0.0
92719714,005930,70100.0,1213987,70080.0,59.999999999664,100.0285388127854,50.0,50.0,1.0006542650975019,1.1546378541297122,0.0,0.0,0.0,0.0,0.0,0.0,0.0,0.0,0.0,0.0,0.0,0.0,0.0,0.0,0.0,0,0,0,0,0,0,0,0.0,0.0,0.0,0.0,0.0,0.0,0.0,0.0,0.0,0.0,0.0
92720010,005930,70100.0,1214037,70100.0,59.999999999664,100.0,50.0,50.0,1.0006014140028663,1.1523656103350821,0.0,0.0,0.0,0.0,0.0,0.0,0.0,0.0,0.0,0.0,0.0,0.0,0.0,0.0,0.0,0,0,0,0,0,0,0,0.0,0.0,0.0,0.0,0.0,0.0,0.0,0.0,0.0,0.0,0.0
92720304,005930,70100.0,1216155,70100.0,59.999999999664,100.0,50.0,50.0,1.0021655471132678,2.7444778367298754,0.0,0.0,0.0,0.0,0.0,0.0,0.0,0.0,0.0,0.0,0.0,0.0,0.0,0.0,0.0,0,0,0,0,0,0,0,0.0,0.0,0.0,0.0,0.0,0.0,0.0,0.0,0.0,0.0,0.0
92720414,005930,70100.0,1216357,70100.0,59.999999999664,100.0,50.0,50.0,1.0021422743007495,2.522871356144544,0.0,0.0,0.0,0.0,0.0,0.0,0.0,0.0,0.0,0.0,0.0,0.0,0.0,0.0,0.0,0,0,0,0,0,0,0,0.0,0.0,0.0,0.0,0.0,0.0,0.0,0.0,0.0,0.0,0.0
92720507,005930,70100.0,1216358,70100.0,59.999999999664,100.0,50.0,50.0,1.0019534813607893,2.253533142301487,0.0,0.0,0.0,0.0,0.0,0.0,0.0,0.0,0.0,0.0,0.0,0.0,0.0,0.0,0.0,0,0,0,0,0,0,0,0.0,0.0,0.0,0.0,0.0,0.0,0.0,0.0,0.0,0.0,0.0
92720509,005930,70100.0,1216359,70100.0,49.99999999965,100.0,50.0,50.0,1.0018059717934014,2.0555135805672125,0.0,0.0,0.0,0.0,0.0,0.0,0.0,0.0,0.0,0.0,0.0,0.0,0.0,0.0,0.0,0,0,0,0,0,0,0,0.0,0.0,0.0,0.0,0.0,0.0,0.0,0.0,0.0,0.0,0.0
92720509,005930,70100.0,1216364,70100.0,49.99999999965,100.0,50.0,50.0,1.0016616348780933,1.9042769075726453,0.0,0.0,0.0,0.0,0.0,0.0,0.0,0.0,0.0,0.0,0.0,0.0,0.0,0.0,0.0,0,0,0,0,0,0,0,0.0,0.0,0.0,0.0,0.0,0.0,0.0,0.0,0.0,0.0,0.0
92721204,005930,70100.0,1216365,70100.0,49.99999999965,100.0,50.0,50.0,1.0015141709605229,1.7805005556363107,0.0,0.0,0.0,0.0,0.0,0.0,0.0,0.0,0.0,0.0,0.0,0.0,0.0,0.0,0.0,0,0,0,0,0,0,0,0.0,0.0,0.0,0.0,0.0,0.0,0.0,0.0,0.0,0.0,0.0
92721206,005930,70100.0,1216369,70100.0,49.99999999965,100.0,50.0,50.0,1.0013690967760551,1.679808380107243,0.0,0.0,0.0,0.0,0.0,0.0,0.0,0.0,0.0,0.0,0.0,0.0,0.0,0.0,0.0,0,0,0,0,0,0,0,0.0,0.0,0.0,0.0,0.0,0.0,0.0,0.0,0.0,0.0,0.0
92721313,005930,70100.0,1216391,70100.0,49.99999999965,100.0,50.0,50.0,1.0012453925414733,1.604393551052689,0.0,0.0,0.0,0.0,0.0,0.0,0.0,0.0,0.0,0.0,0.0,0.0,0.0,0.0,0.0,0,0,0,0,0,0,0,0.0,0.0,0.0,0.0,0.0,0.0,0.0,0.0,0.0,0.0,0.0
92721406,005930,70100.0,1216394,70100.0,100.0,100.0,50.0,50.0,1.001112924720488,1.5298396202197373,0.0,0.0,0.0,0.0,0.0,0.0,0.0,0.0,0.0,0.0,0.0,0.0,0.0,0.0,0.0,0,0,0,0,0,0,0,0.0,0.0,0.0,0.0,0.0,0.0,0.0,0.0,0.0,0.0,0.0
92721408,005930,70100.0,1216399,70100.0,100.0,100.0,50.0,50.0,1.0010161589684752,1.4660601428586468,0.0,0.0,0.0,0.0,0.0,0.0,0.0,0.0,0.0,0.0,0.0,0.0,0.0,0.0,0.0,0,0,0,0,0,0,0,0.0,0.0,0.0,0.0,0.0,0.0,0.0,0.0,0.0,0.0,0.0
92721610,005930,70050.0,1216411,70090.0,0.0,99.94293051790555,37.5,45.833333333333336,1.000924719687659,1.4136060626324982,-1216411.0,0.0,0.0,-50.0,-0.07132667617689016,0.0,0.0,0.0,0.0,0.0,0.0,0.0,0.0,0.0,0.0,0,0,0,0,0,0,0,0.0,0.0,0.0,0.0,0.0,0.0,0.0,0.0,0.0,0.0,0.0
92721611,005930,70100.0,1216611,70090.0,49.9999999993,100.01426737052361,50.0,45.833333333333336,1.0009800317149666,1.4633442997533497,1216611.0,0.0,0.0,100.0,0.0,0.0,0.0,0.0,0.0,0.0,0.0,0.0,0.0,0.0,0.0,0,0,0,0,0,0,0,0.0,0.0,0.0,0.0,0.0,0.0,0.0,0.0,0.0,0.0,0.0
92721612,005930,70100.0,1216727,70090.0,49.9999999993,100.01426737052361,50.0,45.833333333333336,1.0009616570759414,1.4661781545851582,0.0,0.0,0.0,-50.0,0.0,0.0,0.0,0.0,0.0,0.0,0.0,0.0,0.0,0.0,0.0,0,0,0,0,0,0,0,0.0,0.0,0.0,0.0,0.0,0.0,0.0,0.0,0.0,0.0,0.0
92722412,005930,70100.0,1216728,70090.0,49.9999999993,100.01426737052361,50.0,50.0,1.000848731780193,1.412151496138587,0.0,0.0,0.0,0.0,0.0,0.0,0.0,0.0,0.0,0.0,0.0,0.0,0.0,0.0,0.0,0,0,0,0,0,0,0,0.0,0.0,0.0,0.0,0.0,0.0,0.0,0.0,0.0,0.0,0.0
92722413,005930,70100.0,1216732,70090.0,49.9999999993,100.01426737052361,50.0,50.0,1.0007385876690404,1.36523259303599,0.0,0.0,0.0,0.0,0.0,0.0,0.0,0.0,0.0,0.0,0.0,0.0,0.0,0.0,0.0,0,0,0,0,0,0,0,0.0,0.0,0.0,0.0,0.0,0.0,0.0,0.0,0.0,0.0,0.0
92722599,005930,70100.0,1216733,70100.0,49.9999999993,100.0,50.0,50.0,1.000626001359571,1.3214327523365577,0.0,0.0,0.0,0.0,0.0,0.0,0.0,0.0,0.0,0.0,0.0,0.0,0.0,0.0,0.0,0,0,0,0,0,0,0,0.0,0.0,0.0,0.0,0.0,0.0,0.0,0.0,0.0,0.0,0.0
92722706,005930,70100.0,1216740,70100.0,49.9999999993,100.0,50.0,50.0,1.0005181686506361,1.2845932938479303,0.0,0.0,0.0,0.0,0.0,0.0,0.0,0.0,0.0,0.0,0.0,0.0,0.0,0.0,0.0,0,0,0,0,0,0,0,0.0,0.0,0.0,0.0,0.0,0.0,0.0,0.0,0.0,0.0,0.0
92723000,005930,70100.0,1216810,70100.0,49.9999999993,100.0,50.0,50.0,1.0004593211756763,1.2817834874768896,0.0,0.0,0.0,0.0,0.0,0.0,0.0,0.0,0.0,0.0,0.0,0.0,0.0,0.0,0.0,0,0,0,0,0,0,0,0.0,0.0,0.0,0.0,0.0,0.0,0.0,0.0,0.0,0.0,0.0
92723001,005930,70100.0,1216811,70100.0,49.9999999993,100.0,50.0,50.0,1.000344009012551,1.246209583667966,0.0,0.0,0.0,0.0,0.0,0.0,0.0,0.0,0.0,0.0,0.0,0.0,0.0,0.0,0.0,0,0,0,0,0,0,0,0.0,0.0,0.0,0.0,0.0,0.0,0.0,0.0,0.0,0.0,0.0
92723201,005930,70100.0,1216812,70100.0,49.9999999993,100.0,50.0,50.0,1.0002307380007402,1.2134880620584456,0.0,0.0,0.0,0.0,0.0,0.0,0.0,0.0,0.0,0.0,0.0,0.0,0.0,0.0,0.0,0,0,0,0,0,0,0,0.0,0.0,0.0,0.0,0.0,0.0,0.0,0.0,0.0,0.0,0.0
92723202,005930,70100.0,1216813,70100.0,49.9999999993,100.0,50.0,50.0,1.0002045103743806,1.183259761475163,0.0,0.0,0.0,0.0,0.0,0.0,0.0,0.0,0.0,0.0,0.0,0.0,0.0,0.0,0.0,0,0,0,0,0,0,0,0.0,0.0,0.0,0.0,0.0,0.0,0.0,0.0,0.0,0.0,0.0
92723310,005930,70100.0,1217256,70100.0,49.9999999993,100.0,50.0,50.0,1.0005316826689985,1.3672513645230664,0.0,0.0,0.0,0.0,0.0,0.0,0.0,0.0,0.0,0.0,0.0,0.0,0.0,0.0,0.0,0,0,0,0,0,0,0,0.0,0.0,0.0,0.0,0.0,0.0,0.0,0.0,0.0,0.0,0.0
92723403,005930,70100.0,1217356,70100.0,49.9999999993,100.0,50.0,50.0,1.0005728392025686,1.3761167464479978,0.0,0.0,0.0,0.0,0.0,0.0,0.0,0.0,0.0,0.0,0.0,0.0,0.0,0.0,0.0,0,0,0,0,0,0,0,0.0,0.0,0.0,0.0,0.0,0.0,0.0,0.0,0.0,0.0,0.0
92723514,005930,70100.0,1217361,70100.0,49.9999999993,100.0,50.0,50.0,1.0005357484161272,1.3402894970347567,0.0,0.0,0.0,0.0,0.0,0.0,0.0,0.0,0.0,0.0,0.0,0.0,0.0,0.0,0.0,0,0,0,0,0,0,0,0.0,0.0,0.0,0.0,0.0,0.0,0.0,0.0,0.0,0.0,0.0
92723515,005930,70100.0,1217398,70100.0,100.0,100.0,50.0,50.0,1.000523644395692,1.3222506262729445,0.0,0.0,0.0,0.0,0.0,0.0,0.0,0.0,0.0,0.0,0.0,0.0,0.0,0.0,0.0,0,0,0,0,0,0,0,0.0,0.0,0.0,0.0,0.0,0.0,0.0,0.0,0.0,0.0,0.0
92724103,005930,70100.0,1217400,70100.0,100.0,100.0,50.0,50.0,1.0004827366186049,1.2895637690255568,0.0,0.0,0.0,0.0,0.0,0.0,0.0,0.0,0.0,0.0,0.0,0.0,0.0,0.0,0.0,0,0,0,0,0,0,0,0.0,0.0,0.0,0.0,0.0,0.0,0.0,0.0,0.0,0.0,0.0
92724213,005930,70100.0,1217422,70100.0,100.0,100.0,50.0,50.0,1.0004575280623718,1.2685165589498775,0.0,0.0,0.0,0.0,0.0,0.0,0.0,0.0,0.0,0.0,0.0,0.0,0.0,0.0,0.0,0,0,0,0,0,0,0,0.0,0.0,0.0,0.0,0.0,0.0,0.0,0.0,0.0,0.0,0.0
92724400,005930,70100.0,1217428,70100.0,100.0,100.0,50.0,50.0,1.0004198313919657,1.241704956864905,0.0,0.0,0.0,0.0,0.0,0.0,0.0,0.0,0.0,0.0,0.0,0.0,0.0,0.0,0.0,0,0,0,0,0,0,0,0.0,0.0,0.0,0.0,0.0,0.0,0.0,0.0,0.0,0.0,0.0
92724509,005930,70100.0,1217431,70100.0,100.0,100.0,50.0,50.0,1.0003796727928023,1.2153495497095799,0.0,0.0,0.0,0.0,0.0,0.0,0.0,0.0,0.0,0.0,0.0,0.0,0.0,0.0,0.0,0,0,0,0,0,0,0,0.0,0.0,0.0,0.0,0.0,0.0,0.0,0.0,0.0,0.0,0.0
92724510,005930,70100.0,1217441,70100.0,100.0,100.0,50.0,50.0,1.0003450638754359,1.1939188697859835,0.0,0.0,0.0,0.0,0.0,0.0,0.0,0.0,0.0,0.0,0.0,0.0,0.0,0.0,0.0,0,0,0,0,0,0,0,0.0,0.0,0.0,0.0,0.0,0.0,0.0,0.0,0.0,0.0,0.0
92724807,005930,70100.0,1217442,70100.0,100.0,100.0,50.0,50.0,1.0003035151723898,1.1697582801942368,0.0,0.0,0.0,0.0,0.0,0.0,0.0,0.0,0.0,0.0,0.0,0.0,0.0,0.0,0.0,0,0,0,0,0,0,0,0.0,0.0,0.0,0.0,0.0,0.0,0.0,0.0,0.0,0.0,0.0
92725102,005930,70100.0,1217443,70100.0,100.0,100.0,50.0,50.0,1.0002701472055786,1.1470405504682317,0.0,0.0,0.0,0.0,0.0,0.0,0.0,0.0,0.0,0.0,0.0,0.0,0.0,0.0,0.0,0,0,0,0,0,0,0,0.0,0.0,0.0,0.0,0.0,0.0,0.0,0.0,0.0,0.0,0.0
92725305,005930,70100.0,1217444,70100.0,100.0,100.0,50.0,50.0,1.000241506788748,1.1256290704621803,0.0,0.0,0.0,0.0,0.0,0.0,0.0,0.0,0.0,0.0,0.0,0.0,0.0,0.0,0.0,0,0,0,0,0,0,0,0.0,0.0,0.0,0.0,0.0,0.0,0.0,0.0,0.0,0.0,0.0
92725307,005930,70100.0,1217445,70100.0,100.0,100.0,50.0,50.0,1.0002128680590205,1.1054046981235501,0.0,0.0,0.0,0.0,0.0,0.0,0.0,0.0,0.0,0.0,0.0,0.0,0.0,0.0,0.0,0,0,0,0,0,0,0,0.0,0.0,0.0,0.0,0.0,0.0,0.0,0.0,0.0,0.0,0.0
92725413,005930,70100.0,1217446,70100.0,100.0,100.0,50.0,50.0,1.0001843542704139,1.086262988515834,0.0,0.0,0.0,0.0,0.0,0.0,0.0,0.0,0.0,0.0,0.0,0.0,0.0,0.0,0.0,0,0,0,0,0,0,0,0.0,0.0,0.0,0.0,0.0,0.0,0.0,0.0,0.0,0.0,0.0
92725708,005930,70100.0,1217448,70100.0,100.0,100.0,50.0,50.0,1.0001566225909417,1.0685685206855386,0.0,0.0,0.0,0.0,0.0,0.0,0.0,0.0,0.0,0.0,0.0,0.0,0.0,0.0,0.0,0,0,0,0,0,0,0,0.0,0.0,0.0,0.0,0.0,0.0,0.0,0.0,0.0,0.0,0.0
92725801,005930,70100.0,1217451,70100.0,100.0,100.0,50.0,50.0,1.0001298783554886,1.0522245664268148,0.0,0.0,0.0,0.0,0.0,0.0,0.0,0.0,0.0,0.0,0.0,0.0,0.0,0.0,0.0,0,0,0,0,0,0,0,0.0,0.0,0.0,0.0,0.0,0.0,0.0,0.0,0.0,0.0,0.0
92726003,005930,70100.0,1217452,70100.0,100.0,100.0,50.0,50.0,1.000104327110673,1.0357756478221336,0.0,0.0,0.0,0.0,0.0,0.0,0.0,0.0,0.0,0.0,0.0,0.0,0.0,0.0,0.0,0,0,0,0,0,0,0,0.0,0.0,0.0,0.0,0.0,0.0,0.0,0.0,0.0,0.0,0.0
92726375,005930,70100.0,1217453,70100.0,100.0,100.0,50.0,50.0,1.0000787772133584,1.0201022039833394,0.0,0.0,0.0,0.0,0.0,0.0,0.0,0.0,0.0,0.0,0.0,0.0,0.0,0.0,0.0,0,0,0,0,0,0,0,0.0,0.0,0.0,0.0,0.0,0.0,0.0,0.0,0.0,0.0,0.0
92726607,005930,70100.0,1217506,70100.0,100.0,100.0,50.0,50.0,1.0000938071046641,1.0289176443878123,0.0,0.0,0.0,0.0,0.0,0.0,0.0,0.0,0.0,0.0,0.0,0.0,0.0,0.0,0.0,0,0,0,0,0,0,0,0.0,0.0,0.0,0.0,0.0,0.0,0.0,0.0,0.0,0.0,0.0
92726701,005930,70100.0,1217537,70100.0,100.0,100.0,50.0,50.0,1.0000895330155049,1.027633097954925,0.0,0.0,0.0,0.0,0.0,0.0,0.0,0.0,0.0,0.0,0.0,0.0,0.0,0.0,0.0,0,0,0,0,0,0,0,0.0,0.0,0.0,0.0,0.0,0.0,0.0,0.0,0.0,0.0,0.0
92727012,005930,70100.0,1217538,70100.0,100.0,100.0,50.0,50.0,1.0000787717132502,1.012898280352154,0.0,0.0,0.0,0.0,0.0,0.0,0.0,0.0,0.0,0.0,0.0,0.0,0.0,0.0,0.0,0,0,0,0,0,0,0,0.0,0.0,0.0,0.0,0.0,0.0,0.0,0.0,0.0,0.0,0.0
92727309,005930,70100.0,1217539,70100.0,100.0,100.0,50.0,50.0,1.0000720768080036,0.998805182233046,0.0,0.0,0.0,0.0,0.0,0.0,0.0,0.0,0.0,0.0,0.0,0.0,0.0,0.0,0.0,0,0,0,0,0,0,0,0.0,0.0,0.0,0.0,0.0,0.0,0.0,0.0,0.0,0.0,0.0
92727402,005930,70100.0,1217542,70100.0,100.0,100.0,50.0,50.0,1.0000671069110014,0.9862252480950131,0.0,0.0,0.0,0.0,0.0,0.0,0.0,0.0,0.0,0.0,0.0,0.0,0.0,0.0,0.0,0,0,0,0,0,0,0,0.0,0.0,0.0,0.0,0.0,0.0,0.0,0.0,0.0,0.0,0.0
92727511,005930,70100.0,1217575,70100.0,100.0,100.0,50.0,50.0,1.0000869426547687,0.987925496626344,0.0,0.0,0.0,0.0,0.0,0.0,0.0,0.0,0.0,0.0,0.0,0.0,0.0,0.0,0.0,0,0,0,0,0,0,0,0.0,0.0,0.0,0.0,0.0,0.0,0.0,0.0,0.0,0.0,0.0
92727512,005930,70100.0,1217590,70100.0,100.0,100.0,50.0,50.0,1.0000914595093722,0.9815190638317346,0.0,0.0,0.0,0.0,0.0,0.0,0.0,0.0,0.0,0.0,0.0,0.0,0.0,0.0,0.0,0,0,0,0,0,0,0,0.0,0.0,0.0,0.0,0.0,0.0,0.0,0.0,0.0,0.0,0.0
92727776,005930,70100.0,1217593,70100.0,100.0,100.0,50.0,50.0,1.0000869002975965,0.9699568856345452,0.0,0.0,0.0,0.0,0.0,0.0,0.0,0.0,0.0,0.0,0.0,0.0,0.0,0.0,0.0,0,0,0,0,0,0,0,0.0,0.0,0.0,0.0,0.0,0.0,0.0,0.0,0.0,0.0,0.0
92728040,005930,70100.0,1217595,70100.0,100.0,100.0,50.0,50.0,1.0000816840767919,0.9584009054821676,0.0,0.0,0.0,0.0,0.0,0.0,0.0,0.0,0.0,0.0,0.0,0.0,0.0,0.0,0.0,0,0,0,0,0,0,0,0.0,0.0,0.0,0.0,0.0,0.0,0.0,0.0,0.0,0.0,0.0
92728041,005930,70100.0,1217600,70100.0,100.0,100.0,50.0,50.0,1.0000788498436144,0.948672838087848,0.0,0.0,0.0,0.0,0.0,0.0,0.0,0.0,0.0,0.0,0.0,0.0,0.0,0.0,0.0,0,0,0,0,0,0,0,0.0,0.0,0.0,0.0,0.0,0.0,0.0,0.0,0.0,0.0,0.0
92728042,005930,70100.0,1217605,70100.0,100.0,100.0,50.0,50.0,1.0000762210021386,0.9393350809745676,0.0,0.0,0.0,0.0,0.0,0.0,0.0,0.0,0.0,0.0,0.0,0.0,0.0,0.0,0.0,0,0,0,0,0,0,0,0.0,0.0,0.0,0.0,0.0,0.0,0.0,0.0,0.0,0.0,0.0
92728118,005930,70100.0,1217615,70100.0,100.0,100.0,50.0,50.0,1.0000773292711989,0.9326712711105615,0.0,0.0,0.0,0.0,0.0,0.0,0.0,0.0,0.0,0.0,0.0,0.0,0.0,0.0,0.0,0,0,0,0,0,0,0,0.0,0.0,0.0,0.0,0.0,0.0,0.0,0.0,0.0,0.0,0.0
92728353,005930,70100.0,1217715,70100.0,100.0,100.0,50.0,50.0,1.0001482914918753,0.967828277057996,0.0,0.0,0.0,0.0,0.0,0.0,0.0,0.0,0.0,0.0,0.0,0.0,0.0,0.0,0.0,0,0,0,0,0,0,0,0.0,0.0,0.0,0.0,0.0,0.0,0.0,0.0,0.0,0.0,0.0
92728354,005930,70050.0,1217725,70090.0,0.0,99.94293051790555,37.5,45.833333333333336,1.000144963424455,0.9607933707279651,-1217725.0,0.0,0.0,-50.0,-0.07132667617689016,0.0,0.0,0.0,0.0,0.0,0.0,0.0,0.0,0.0,0.0,0,0,0,0,0,0,0,0.0,0.0,0.0,0.0,0.0,0.0,0.0,0.0,0.0,0.0,0.0
92729178,005930,70100.0,1217726,70090.0,49.9999999993,100.01426737052361,50.0,45.833333333333336,1.0001342436164777,0.9499111421731365,1217726.0,0.0,0.0,100.0,0.0,0.0,0.0,0.0,0.0,0.0,0.0,0.0,0.0,0.0,0.0,0,0,0,0,0,0,0,0.0,0.0,0.0,0.0,0.0,0.0,0.0,0.0,0.0,0.0,0.0
92729239,005930,70100.0,1217732,70090.0,49.9999999993,100.01426737052361,50.0,45.833333333333336,1.0001274252216605,0.9417240329692296,0.0,0.0,0.0,-50.0,0.0,0.0,0.0,0.0,0.0,0.0,0.0,0.0,0.0,0.0,0.0,0,0,0,0,0,0,0,0.0,0.0,0.0,0.0,0.0,0.0,0.0,0.0,0.0,0.0,0.0
92729317,005930,70100.0,1217733,70090.0,49.9999999993,100.01426737052361,50.0,50.0,1.00011654158773,0.9315358542612402,0.0,0.0,0.0,0.0,0.0,0.0,0.0,0.0,0.0,0.0,0.0,0.0,0.0,0.0,0.0,0,0,0,0,0,0,0,0.0,0.0,0.0,0.0,0.0,0.0,0.0,0.0,0.0,0.0,0.0
92729409,005930,70100.0,1217743,70090.0,49.9999999993,100.01426737052361,50.0,50.0,1.0001127622842108,0.9258644266391189,0.0,0.0,0.0,0.0,0.07137758743754462,0.0,0.0,0.0,0.0,0.0,0.0,0.0,0.0,0.0,0.0,0,0,0,0,0,0,0,0.0,0.0,0.0,0.0,0.0,0.0,0.0,0.0,0.0,0.0,0.0
92729503,005930,70100.0,1217753,70100.0,49.9999999993,100.0,50.0,50.0,1.0001086134578439,0.9204376232178032,0.0,0.0,0.0,0.0,0.07137758743754462,0.0,0.0,0.0,0.0,0.0,0.0,0.0,0.0,0.0,0.0,0,0,0,0,0,0,0,0.0,0.0,0.0,0.0,0.0,0.0,0.0,0.0,0.0,0.0,0.0
92729504,005930,70100.0,1217831,70100.0,49.9999999993,100.0,50.0,50.0,1.0001571482991705,0.946830073535905,0.0,0.0,0.0,0.0,0.07137758743754462,0.0,0.0,0.0,0.0,0.0,0.0,0.0,0.0,0.0,0.0,0,0,0,0,0,0,0,0.0,0.0,0.0,0.0,0.0,0.0,0.0,0.0,0.0,0.0,0.0
92729707,005930,70100.0,1217904,70100.0,49.9999999993,100.0,50.0,50.0,1.000200753979222,0.9704698518925461,0.0,0.0,0.0,0.0,0.07137758743754462,0.0,0.0,0.0,0.0,0.0,0.0,0.0,0.0,0.0,0.0,0,0,0,0,0,0,0,0.0,0.0,0.0,0.0,0.0,0.0,0.0,0.0,0.0,0.0,0.0
92729801,005930,70100.0,1218404,70100.0,49.9999999993,100.0,50.0,50.0,1.0005757562045718,1.1911799013468538,0.0,0.0,0.0,0.0,0.07137758743754462,0.0,0.0,0.0,0.0,0.0,0.0,0.0,0.0,0.0,0.0,0,0,0,0,0,0,0,0.0,0.0,0.0,0.0,0.0,0.0,0.0,0.0,0.0,0.0,0.0
92729911,005930,70100.0,1218419,70100.0,49.9999999993,100.0,50.0,50.0,1.00055187984663,1.182036835771269,0.0,0.0,0.0,0.0,0.07137758743754462,0.0,0.0,0.0,0.0,0.0,0.0,0.0,0.0,0.0,0.0,0,0,0,0,0,0,0,0.0,0.0,0.0,0.0,0.0,0.0,0.0,0.0,0.0,0.0,0.0
92729912,005930,70100.0,1218439,70100.0,49.9999999993,100.0,50.0,50.0,1.000531330495328,1.1756143131101167,0.0,0.0,0.0,0.0,0.07137758743754462,0.0,0.0,0.0,0.0,0.0,0.0,0.0,0.0,0.0,0.0,0,0,0,0,0,0,0,0.0,0.0,0.0,0.0,0.0,0.0,0.0,0.0,0.0,0.0,0.0
93037329,005930,70200.0,1277886,70200.0,50.0,100.0,50.0,50.0,1.0,0.0,0.0,0.0,0.0,0.0,0.0,0.0,0.0,0.0,0.0,0.0,0.0,0.0,0.0,0.0,0.0,0,0,0,0,0,0,0,0.0,0.0,0.0,0.0,0.0,0.0,0.0,0.0,0.0,0.0,0.0
93037695,005930,70100.0,1277965,70150.0,50.0,99.92872416250891,50.0,50.0,1.0000309094700748,0.0,-1277965.0,0.0,0.0,0.0,0.0,0.0,0.0,0.0,0.0,0.0,0.0,0.0,0.0,0.0,0.0,0,0,0,0,0,0,0,0.0,0.0,0.0,0.0,0.0,0.0,0.0,0.0,0.0,0.0,0.0
93038008,005930,70200.0,1277967,70166.66666666667,50.0,100.04750593824228,50.0,50.0,1.0000216494366714,0.0,1277967.0,0.0,0.0,200.0,0.0,0.0,0.0,0.0,0.0,0.0,0.0,0.0,0.0,0.0,0.0,0,0,0,0,0,0,0,0.0,0.0,0.0,0.0,0.0,0.0,0.0,0.0,0.0,0.0,0.0
93038101,005930,70200.0,1277968,70175.0,50.0,100.03562522265763,50.0,50.0,1.0000168238654747,0.0,0.0,0.0,0.0,-100.0,0.0,0.0,0.0,0.0,0.0,0.0,0.0,0.0,0.0,0.0,0.0,0,0,0,0,0,0,0,0.0,0.0,0.0,0.0,0.0,0.0,0.0,0.0,0.0,0.0,0.0
93038694,005930,70100.0,1277978,70160.0,50.0,99.9144811858609,50.0,50.0,1.0000197190381366,0.0,-1277978.0,0.0,0.0,-100.0,-0.14245014245014245,0.0,0.0,0.0,0.0,0.0,0.0,0.0,0.0,0.0,0.0,0,0,0,0,0,0,0,0.0,0.0,0.0,0.0,0.0,0.0,0.0,0.0,0.0,0.0,0.0
93038895,005930,70200.0,1277979,70160.0,50.0,100.05701254275941,50.0,50.0,1.0000170845579983,0.0,1277979.0,0.0,0.0,200.0,0.14265335235378032,0.0,0.0,0.0,0.0,0.0,0.0,0.0,0.0,0.0,0.0,0,0,0,0,0,0,0,0.0,0.0,0.0,0.0,0.0,0.0,0.0,0.0,0.0,0.0,0.0
93039191,005930,70100.0,1277988,70160.0,50.0,99.9144811858609,50.0,50.0,1.0000206802551967,0.0,-1277988.0,0.0,0.0,-200.0,-0.14245014245014245,0.0,0.0,0.0,0.0,0.0,0.0,0.0,0.0,0.0,0.0,0,0,0,0,0,0,0,0.0,0.0,0.0,0.0,0.0,0.0,0.0,0.0,0.0,0.0,0.0
93039504,005930,70200.0,1277989,70160.0,50.0,100.05701254275941,50.0,50.0,1.0000187798570384,0.0,1277989.0,0.0,0.0,200.0,0.0,0.0,0.0,0.0,0.0,0.0,0.0,0.0,0.0,0.0,0.0,0,0,0,0,0,0,0,0.0,0.0,0.0,0.0,0.0,0.0,0.0,0.0,0.0,0.0,0.0
93039706,005930,70200.0,1277990,70160.0,50.0,100.05701254275941,50.0,50.0,1.000017388718721,0.0,0.0,0.0,0.0,-100.0,0.14265335235378032,0.0,0.0,0.0,0.0,0.0,0.0,0.0,0.0,0.0,0.0,0,0,0,0,0,0,0,0.0,0.0,0.0,0.0,0.0,0.0,0.0,0.0,0.0,0.0,0.0
93039892,005930,70200.0,1277991,70180.0,50.0,100.02849814762041,50.0,50.0,1.0000163540602396,0.705948148190653,0.0,0.0,0.0,0.0,0.14265335235378032,0.0,0.0,0.0,0.0,0.0,0.0,0.0,0.0,0.0,0.0,0,0,0,0,0,0,0,0.0,0.0,0.0,0.0,0.0,0.0,0.0,0.0,0.0,0.0,0.0
93040204,005930,70150.0,1278002,70170.0,50.0,99.97149779107882,50.0,50.0,1.0000226921852027,0.9770852380603755,-1278002.0,0.0,0.0,-50.0,0.07132667617689016,0.0,0.0,0.0,0.0,0.0,0.0,0.0,0.0,0.0,0.0,0,0,0,0,0,0,0,0.0,0.0,0.0,0.0,0.0,0.0,0.0,0.0,0.0,0.0,0.0
93040205,005930,70200.0,1278003,70190.0,50.0,100.01424704373842,50.0,50.0,1.0000215184093906,0.9290063410657491,1278003.0,0.0,0.0,100.0,0.14265335235378032,0.0,0.0,0.0,0.0,0.0,0.0,0.0,0.0,0.0,0.0,0,0,0,0,0,0,0,0.0,0.0,0.0,0.0,0.0,0.0,0.0,0.0,0.0,0.0,0.0
93040206,005930,70200.0,1278004,70190.0,50.0,100.01424704373842,50.0,50.0,1.0000205854080757,0.893703132740061,0.0,0.0,0.0,-50.0,0.14265335235378032,0.0,0.0,0.0,0.0,0.0,0.0,0.0,0.0,0.0,0.0,0,0,0,0,0,0,0,0.0,0.0,0.0,0.0,0.0,0.0,0.0,0.0,0.0,0.0,0.0
93040407,005930,70200.0,1278005,70190.0,50.0,100.01424704373842,75.0,50.0,1.000019841585896,0.867659505634545,0.0,0.0,0.0,0.0,0.14265335235378032,0.0,0.0,0.0,0.0,0.0,0.0,0.0,0.0,0.0,0.0,0,0,0,0,0,0,0,0.0,0.0,0.0,0.0,0.0,0.0,0.0,0.0,0.0,0.0,0.0
93040702,005930,70150.0,1278028,70180.0,46.66666666657956,99.9572527785694,62.5,50.0,1.0000353160707476,1.4700172453294986,-1278028.0,0.0,0.0,-50.0,-0.07122507122507123,0.0,0.0,0.0,0.0,0.0,0.0,0.0,0.0,0.0,0.0,0,0,0,0,0,0,0,0.0,0.0,0.0,0.0,0.0,0.0,0.0,0.0,0.0,0.0,0.0
93040903,005930,70150.0,1278065,70180.0,53.84615384603787,99.9572527785694,62.5,66.66666666666667,1.000060250956973,2.1530566304191874,0.0,0.0,0.0,50.0,-0.07122507122507123,0.0,0.0,0.0,0.0,0.0,0.0,0.0,0.0,0.0,0.0,0,0,0,0,0,0,0,0.0,0.0,0.0,0.0,0.0,0.0,0.0,0.0,0.0,0.0,0.0
93040904,005930,70100.0,1278122,70160.0,41.66666666656945,99.9144811858609,50.0,58.333333333333336,1.0000986839228516,2.690140767983606,-1278122.0,0.0,0.0,-50.0,-0.14245014245014245,0.0,0.0,0.0,0.0,0.0,0.0,0.0,0.0,0.0,0.0,0,0,0,0,0,0,0,0.0,0.0,0.0,0.0,0.0,0.0,0.0,0.0,0.0,0.0,0.0
93040904,005930,70200.0,1278123,70160.0,49.999999999900005,100.05701254275941,75.0,62.5,1.000093939967883,2.2203563919414235,1278123.0,0.0,0.0,150.0,0.0,0.0,0.0,0.0,0.0,0.0,0.0,0.0,0.0,0.0,0.0,0,0,0,0,0,0,0,0.0,0.0,0.0,0.0,0.0,0.0,0.0,0.0,0.0,0.0,0.0
93041089,005930,70200.0,1278124,70160.0,58.33333333319723,100.05701254275941,75.0,66.66666666666667,1.0000897365998114,1.938398843559403,0.0,0.0,0.0,-100.0,0.0,0.0,0.0,0.0,0.0,0.0,0.0,0.0,0.0,0.0,0.0,0,0,0,0,0,0,0,0.0,0.0,0.0,0.0,0.0,0.0,0.0,0.0,0.0,0.0,0.0
93041399,005930,70200.0,1278224,70170.0,49.99999999986,100.0427533133818,75.0,75.0,1.0001595827858882,2.7464065805886104,0.0,0.0,0.0,0.0,0.0,0.0,0.0,0.0,0.0,0.0,0.0,0.0,0.0,0.0,0.0,0,0,0,0,0,0,0,0.0,0.0,0.0,0.0,0.0,0.0,0.0,0.0,0.0,0.0,0.0
93041400,005930,70200.0,1278225,70180.0,62.49999999978125,100.02849814762041,75.0,75.0,1.0001471005925493,2.3072399927090026,0.0,0.0,0.0,0.0,0.0,0.0,0.0,0.0,0.0,0.0,0.0,0.0,0.0,0.0,0.0,0,0,0,0,0,0,0,0.0,0.0,0.0,0.0,0.0,0.0,0.0,0.0,0.0,0.0,0.0
93041492,005930,70200.0,1278227,70200.0,49.999999999766665,100.0,75.0,75.0,1.0001384139792329,2.039355944273712,0.0,0.0,0.0,0.0,0.0,0.0,0.0,0.0,0.0,0.0,0.0,0.0,0.0,0.0,0.0,0,0,0,0,0,0,0,0.0,0.0,0.0,0.0,0.0,0.0,0.0,0.0,0.0,0.0,0.0
93043406,005930,70150.0,1278228,70190.0,42.85714285697143,99.9430118250463,62.5,70.83333333333333,1.0001289842368117,1.843719758531805,-1278228.0,0.0,0.0,-50.0,-0.07122507122507123,0.0,0.0,0.0,0.0,0.0,0.0,0.0,0.0,0.0,0.0,0,0,0,0,0,0,0,0.0,0.0,0.0,0.0,0.0,0.0,0.0,0.0,0.0,0.0,0.0
93043407,005930,70100.0,1278391,70170.0,37.499999999868756,99.90024226877583,50.0,62.5,1.000239968521638,2.7900585487979086,-1278391.0,0.0,0.0,0.0,-0.14245014245014245,0.0,0.0,0.0,0.0,0.0,0.0,0.0,0.0,0.0,0.0,0,0,0,0,0,0,0,0.0,0.0,0.0,0.0,0.0,0.0,0.0,0.0,0.0,0.0,0.0
93043408,005930,70200.0,1278392,70170.0,55.55555555538271,100.0427533133818,75.0,62.5,1.000224551191021,2.392695714546528,1278392.0,0.0,0.0,150.0,0.0,0.0,0.0,0.0,0.0,0.0,0.0,0.0,0.0,0.0,0.0,0,0,0,0,0,0,0,0.0,0.0,0.0,0.0,0.0,0.0,0.0,0.0,0.0,0.0,0.0
93043997,005930,70200.0,1278393,70170.0,49.999999999825,100.0427533133818,75.0,66.66666666666667,1.0002091343597896,2.129489685815535,0.0,0.0,0.0,-100.0,0.0,0.0,0.0,0.0,0.0,0.0,0.0,0.0,0.0,0.0,0.0,0,0,0,0,0,0,0,0.0,0.0,0.0,0.0,0.0,0.0,0.0,0.0,0.0,0.0,0.0
93044996,005930,70200.0,1278394,70170.0,49.999999999825,100.0427533133818,75.0,75.0,1.0001940310418371,1.9390077367574132,0.0,0.0,0.0,0.0,0.0,0.0,0.0,0.0,0.0,0.0,0.0,0.0,0.0,0.0,0.0,0,0,0,0,0,0,0,0.0,0.0,0.0,0.0,0.0,0.0,0.0,0.0,0.0,0.0,0.0
93045402,005930,70100.0,1278444,70160.0,39.999999999888004,99.9144811858609,50.0,66.66666666666667,1.0002153471519313,2.0460723924489095,-1278444.0,0.0,0.0,-100.0,-0.14245014245014245,0.0,0.0,0.0,0.0,0.0,0.0,0.0,0.0,0.0,0.0,0,0,0,0,0,0,0,0.0,0.0,0.0,0.0,0.0,0.0,0.0,0.0,0.0,0.0,0.0
93046104,005930,70100.0,1278469,70160.0,44.44444444430618,99.9144811858609,50.0,58.333333333333336,1.0002161645892673,2.0007666103981467,0.0,0.0,0.0,100.0,-0.14245014245014245,0.0,0.0,0.0,0.0,0.0,0.0,0.0,0.0,0.0,0.0,0,0,0,0,0,0,0,0.0,0.0,0.0,0.0,0.0,0.0,0.0,0.0,0.0,0.0,0.0
93047298,005930,70100.0,1278470,70140.0,44.44444444430618,99.94297120045623,50.0,50.0,1.0001982058362329,1.852428689128122,0.0,0.0,0.0,0.0,0.0,0.0,0.0,0.0,0.0,0.0,0.0,0.0,0.0,0.0,0.0,0,0,0,0,0,0,0,0.0,0.0,0.0,0.0,0.0,0.0,0.0,0.0,0.0,0.0,0.0
93047299,005930,70100.0,1278472,70120.0,49.999999999825,99.9714774671991,50.0,50.0,1.000181382191758,1.7383875172838945,0.0,0.0,0.0,0.0,0.0,0.0,0.0,0.0,0.0,0.0,0.0,0.0,0.0,0.0,0.0,0,0,0,0,0,0,0,0.0,0.0,0.0,0.0,0.0,0.0,0.0,0.0,0.0,0.0,0.0
93047593,005930,70200.0,1278474,70120.0,49.999999999825,100.11409013120365,75.0,58.333333333333336,1.000164520043869,1.6446671047629342,1278474.0,0.0,0.0,100.0,0.14265335235378032,0.0,0.0,0.0,0.0,0.0,0.0,0.0,0.0,0.0,0.0,0,0,0,0,0,0,0,0.0,0.0,0.0,0.0,0.0,0.0,0.0,0.0,0.0,0.0,0.0
93047594,005930,70200.0,1278475,70140.0,49.999999999825,100.08554319931567,75.0,66.66666666666667,1.0001468762205052,1.561519398386998,0.0,0.0,0.0,-100.0,0.14265335235378032,0.0,0.0,0.0,0.0,0.0,0.0,0.0,0.0,0.0,0.0,0,0,0,0,0,0,0,0.0,0.0,0.0,0.0,0.0,0.0,0.0,0.0,0.0,0.0,0.0
93047793,005930,70200.0,1278476,70160.0,49.999999999825,100.05701254275941,75.0,75.0,1.0001292330472369,1.4904971030061984,0.0,0.0,0.0,0.0,0.14265335235378032,0.0,0.0,0.0,0.0,0.0,0.0,0.0,0.0,0.0,0.0,0,0,0,0,0,0,0,0.0,0.0,0.0,0.0,0.0,0.0,0.0,0.0,0.0,0.0,0.0
93047901,005930,70100.0,1278484,70160.0,39.999999999888004,99.9144811858609,50.0,66.66666666666667,1.0001176531697202,1.4599859315634072,-1278484.0,0.0,0.0,-100.0,0.0,0.0,0.0,0.0,0.0,0.0,0.0,0.0,0.0,0.0,0.0,0,0,0,0,0,0,0,0.0,0.0,0.0,0.0,0.0,0.0,0.0,0.0,0.0,0.0,0.0
93048196,005930,70100.0,1278493,70160.0,39.999999999888004,99.9144811858609,50.0,58.333333333333336,1.0001079512342033,1.4381738356061267,0.0,0.0,0.0,100.0,0.0,0.0,0.0,0.0,0.0,0.0,0.0,0.0,0.0,0.0,0.0,0,0,0,0,0,0,0,0.0,0.0,0.0,0.0,0.0,0.0,0.0,0.0,0.0,0.0,0.0
93048288,005930,70100.0,1278543,70140.0,44.44444444430618,99.94297120045623,50.0,50.0,1.000130595375281,1.5946739801720993,0.0,0.0,0.0,0.0,0.0,0.0,0.0,0.0,0.0,0.0,0.0,0.0,0.0,0.0,0.0,0,0,0,0,0,0,0,0.0,0.0,0.0,0.0,0.0,0.0,0.0,0.0,0.0,0.0,0.0
93048398,005930,70100.0,1278703,70120.0,49.999999999825,99.9714774671991,50.0,50.0,1.0002330638478,2.159955057318773,0.0,0.0,0.0,0.0,0.0,0.0,0.0,0.0,0.0,0.0,0.0,0.0,0.0,0.0,0.0,0,0,0,0,0,0,0,0.0,0.0,0.0,0.0,0.0,0.0,0.0,0.0,0.0,0.0,0.0
93049209,005930,70200.0,1278704,70120.0,49.999999999825,100.11409013120365,75.0,58.333333333333336,1.000211156766358,2.0186496630461686,1278704.0,0.0,0.0,100.0,0.14265335235378032,0.0,0.0,0.0,0.0,0.0,0.0,0.0,0.0,0.0,0.0,0,0,0,0,0,0,0,0.0,0.0,0.0,0.0,0.0,0.0,0.0,0.0,0.0,0.0,0.0
93049395,005930,70200.0,1278708,70140.0,49.999999999825,100.08554319931567,75.0,66.66666666666667,1.0001953524880456,1.9133176540773684,0.0,0.0,0.0,-100.0,0.14265335235378032,0.0,0.0,0.0,0.0,0.0,0.0,0.0,0.0,0.0,0.0,0,0,0,0,0,0,0,0.0,0.0,0.0,0.0,0.0,0.0,0.0,0.0,0.0,0.0,0.0
93050804,005930,70200.0,1278709,70160.0,49.999999999825,100.05701254275941,75.0,75.0,1.0001772022760267,1.81427542000957,0.0,0.0,0.0,0.0,0.0,0.0,0.0,0.0,0.0,0.0,0.0,0.0,0.0,0.0,0.0,0,0,0,0,0,0,0,0.0,0.0,0.0,0.0,0.0,0.0,0.0,0.0,0.0,0.0,0.0
93050805,005930,70200.0,1278710,70180.0,66.66666666635555,100.02849814762041,75.0,75.0,1.0001590918654624,1.7296722528000148,0.0,0.0,0.0,0.0,0.0,0.0,0.0,0.0,0.0,0.0,0.0,0.0,0.0,0.0,0.0,0,0,0,0,0,0,0,0.0,0.0,0.0,0.0,0.0,0.0,0.0,0.0,0.0,0.0,0.0
93051004,005930,70200.0,1278711,70200.0,66.66666666635555,100.0,75.0,75.0,1.0001409821390685,1.6563522962302186,0.0,0.0,0.0,0.0,0.0,0.0,0.0,0.0,0.0,0.0,0.0,0.0,0.0,0.0,0.0,0,0,0,0,0,0,0,0.0,0.0,0.0,0.0,0.0,0.0,0.0,0.0,0.0,0.0,0.0
93051096,005930,70200.0,1278733,70200.0,66.66666666635555,100.0,75.0,75.0,1.0001448127264068,1.6632488991859238,0.0,0.0,0.0,0.0,0.0,0.0,0.0,0.0,0.0,0.0,0.0,0.0,0.0,0.0,0.0,0,0,0,0,0,0,0,0.0,0.0,0.0,0.0,0.0,0.0,0.0,0.0,0.0,0.0,0.0
93051498,005930,70200.0,1278738,70200.0,66.66666666635555,100.0,75.0,75.0,1.0001351906080032,1.6130029971444375,0.0,0.0,0.0,0.0,0.0,0.0,0.0,0.0,0.0,0.0,0.0,0.0,0.0,0.0,0.0,0,0,0,0,0,0,0,0.0,0.0,0.0,0.0,0.0,0.0,0.0,0.0,0.0,0.0,0.0
93051794,005930,70200.0,1278739,70200.0,49.99999999965,100.0,75.0,75.0,1.0001224402853333,1.555382014363855,0.0,0.0,0.0,0.0,0.0,0.0,0.0,0.0,0.0,0.0,0.0,0.0,0.0,0.0,0.0,0,0,0,0,0,0,0,0.0,0.0,0.0,0.0,0.0,0.0,0.0,0.0,0.0,0.0,0.0
93051998,005930,70200.0,1278740,70200.0,49.99999999965,100.0,75.0,75.0,1.000109690307698,1.5038783446769974,0.0,0.0,0.0,0.0,0.0,0.0,0.0,0.0,0.0,0.0,0.0,0.0,0.0,0.0,0.0,0,0,0,0,0,0,0,0.0,0.0,0.0,0.0,0.0,0.0,0.0,0.0,0.0,0.0,0.0
93052993,005930,70100.0,1278827,70180.0,33.33333333317778,99.88600740951838,50.0,66.66666666666667,1.0001627537337356,1.7322586425161528,-1278827.0,0.0,0.0,-100.0,-0.14245014245014245,0.0,0.0,0.0,0.0,0.0,0.0,0.0,0.0,0.0,0.0,0,0,0,0,0,0,0,0.0,0.0,0.0,0.0,0.0,0.0,0.0,0.0,0.0,0.0,0.0
93053104,005930,70200.0,1278828,70180.0,66.66666666635555,100.02849814762041,75.0,66.66666666666667,1.0001494951439887,1.6673958404524545,1278828.0,0.0,0.0,200.0,0.0,0.0,0.0,0.0,0.0,0.0,0.0,0.0,0.0,0.0,0.0,0,0,0,0,0,0,0,0.0,0.0,0.0,0.0,0.0,0.0,0.0,0.0,0.0,0.0,0.0
93053105,005930,70100.0,1278837,70160.0,49.999999999825,99.9144811858609,50.0,58.333333333333336,1.000142180628523,1.6341894091078901,-1278837.0,0.0,0.0,-200.0,-0.14245014245014245,0.0,0.0,0.0,0.0,0.0,0.0,0.0,0.0,0.0,0.0,0,0,0,0,0,0,0,0.0,0.0,0.0,0.0,0.0,0.0,0.0,0.0,0.0,0.0,0.0
93053197,005930,70200.0,1278841,70160.0,59.999999999832,100.05701254275941,75.0,66.66666666666667,1.0001308778045126,1.589441099504769,1278841.0,0.0,0.0,200.0,0.0,0.0,0.0,0.0,0.0,0.0,0.0,0.0,0.0,0.0,0.0,0,0,0,0,0,0,0,0.0,0.0,0.0,0.0,0.0,0.0,0.0,0.0,0.0,0.0,0.0
93053304,005930,70100.0,1284143,70140.0,49.999999999883336,99.94297120045623,50.0,58.333333333333336,1.0040547880769417,6.669646073964982,-1284143.0,0.0,0.0,-200.0,-0.14245014245014245,0.0,0.0,0.0,0.0,0.0,0.0,0.0,0.0,0.0,0.0,0,0,0,0,0,0,0,0.0,0.0,0.0,0.0,0.0,0.0,0.0,0.0,0.0,0.0,0.0
93053305,005930,70100.0,1289445,70140.0,39.999999999888004,99.94297120045623,50.0,58.333333333333336,1.0077681567005254,6.279627755722198,0.0,0.0,0.0,100.0,-0.14245014245014245,0.0,0.0,0.0,0.0,0.0,0.0,0.0,0.0,0.0,0.0,0,0,0,0,0,0,0,0.0,0.0,0.0,0.0,0.0,0.0,0.0,0.0,0.0,0.0,0.0
93053306,005930,70100.0,1289633,70120.0,39.999999999888004,99.9714774671991,50.0,50.0,1.0074758403577573,4.776725813302465,0.0,0.0,0.0,0.0,-0.14245014245014245,0.0,0.0,0.0,0.0,0.0,0.0,0.0,0.0,0.0,0.0,0,0,0,0,0,0,0,0.0,0.0,0.0,0.0,0.0,0.0,0.0,0.0,0.0,0.0,0.0
93053307,005930,70100.0,1289634,70120.0,39.999999999888004,99.9714774671991,50.0,50.0,1.007038031042675,3.9794052966486895,0.0,0.0,0.0,0.0,-0.14245014245014245,0.0,0.0,0.0,0.0,0.0,0.0,0.0,0.0,0.0,0.0,0,0,0,0,0,0,0,0.0,0.0,0.0,0.0,0.0,0.0,0.0,0.0,0.0,0.0,0.0
93053307,005930,70100.0,1289961,70100.0,39.999999999888004,100.0,50.0,50.0,1.0068425606154132,3.565166978026614,0.0,0.0,0.0,0.0,-0.14245014245014245,0.0,0.0,0.0,0.0,0.0,0.0,0.0,0.0,0.0,0.0,0,0,0,0,0,0,0,0.0,0.0,0.0,0.0,0.0,0.0,0.0,0.0,0.0,0.0,0.0
93053308,005930,70100.0,1290346,70100.0,39.999999999888004,100.0,50.0,50.0,1.0066793599080033,3.2885113715537333,0.0,0.0,0.0,0.0,-0.14245014245014245,0.0,0.0,0.0,0.0,0.0,0.0,0.0,0.0,0.0,0.0,0,0,0,0,0,0,0,0.0,0.0,0.0,0.0,0.0,0.0,0.0,0.0,0.0,0.0,0.0
93053309,005930,70100.0,1290348,70100.0,39.999999999888004,100.0,50.0,50.0,1.0062238435299418,2.993399206093361,0.0,0.0,0.0,0.0,-0.14245014245014245,0.0,0.0,0.0,0.0,0.0,0.0,0.0,0.0,0.0,0.0,0,0,0,0,0,0,0,0.0,0.0,0.0,0.0,0.0,0.0,0.0,0.0,0.0,0.0,0.0
93053309,005930,70100.0,1290358,70100.0,39.999999999888004,100.0,50.0,50.0,1.0057746234662637,2.7675957489112144,0.0,0.0,0.0,0.0,-0.14245014245014245,0.0,0.0,0.0,0.0,0.0,0.0,0.0,0.0,0.0,0.0,0,0,0,0,0,0,0,0.0,0.0,0.0,0.0,0.0,0.0,0.0,0.0,0.0,0.0,0.0
93053310,005930,70100.0,1290360,70100.0,39.999999999888004,100.0,50.0,50.0,1.0053196568017135,2.5848606290420366,0.0,0.0,0.0,0.0,-0.14245014245014245,0.0,0.0,0.0,0.0,0.0,0.0,0.0,0.0,0.0,0.0,0,0,0,0,0,0,0,0.0,0.0,0.0,0.0,0.0,0.0,0.0,0.0,0.0,0.0,0.0
93053311,005930,70100.0,1290370,70100.0,39.999999999888004,100.0,50.0,50.0,1.004870980802266,2.4358777133917613,0.0,0.0,0.0,0.0,-0.14245014245014245,0.0,0.0,0.0,0.0,0.0,0.0,0.0,0.0,0.0,0.0,0,0,0,0,0,0,0,0.0,0.0,0.0,0.0,0.0,0.0,0.0,0.0,0.0,0.0,0.0
93053312,005930,70100.0,1290420,70100.0,49.999999999825,100.0,50.0,50.0,1.0044519322245198,2.3185497581221233,0.0,0.0,0.0,0.0,-0.14245014245014245,0.0,0.0,0.0,0.0,0.0,0.0,0.0,0.0,0.0,0.0,0,0,0,0,0,0,0,0.0,0.0,0.0,0.0,0.0,0.0,0.0,0.0,0.0,0.0,0.0
93053313,005930,70100.0,1290470,70100.0,33.33333333317778,100.0,50.0,50.0,1.00403135155915,2.217891979738426,0.0,0.0,0.0,0.0,-0.14245014245014245,0.0,0.0,0.0,0.0,0.0,0.0,0.0,0.0,0.0,0.0,0,0,0,0,0,0,0,0.0,0.0,0.0,0.0,0.0,0.0,0.0,0.0,0.0,0.0,0.0
93053313,005930,70100.0,1290595,70100.0,49.99999999965,100.0,50.0,50.0,1.0036654617475878,2.14516758025743,0.0,0.0,0.0,0.0,-0.14245014245014245,0.0,0.0,0.0,0.0,0.0,0.0,0.0,0.0,0.0,0.0,0,0,0,0,0,0,0,0.0,0.0,0.0,0.0,0.0,0.0,0.0,0.0,0.0,0.0,0.0
93053314,005930,70100.0,1290609,70100.0,0.0,100.0,50.0,50.0,1.0032132760895818,2.059738392871657,0.0,0.0,0.0,0.0,-0.14245014245014245,0.0,0.0,0.0,0.0,0.0,0.0,0.0,0.0,0.0,0.0,0,0,0,0,0,0,0,0.0,0.0,0.0,0.0,0.0,0.0,0.0,0.0,0.0,0.0,0.0
93053315,005930,70100.0,1290619,70100.0,100.0,100.0,50.0,50.0,1.002758049062164,1.9832839786174727,0.0,0.0,0.0,0.0,-0.14245014245014245,0.0,0.0,0.0,0.0,0.0,0.0,0.0,0.0,0.0,0.0,0,0,0,0,0,0,0,0.0,0.0,0.0,0.0,0.0,0.0,0.0,0.0,0.0,0.0,0.0
93053316,005930,70100.0,1290620,70100.0,100.0,100.0,50.0,50.0,1.0022962526225803,1.9132595868216955,0.0,0.0,0.0,0.0,-0.14245014245014245,0.0,0.0,0.0,0.0,0.0,0.0,0.0,0.0,0.0,0.0,0,0,0,0,0,0,0,0.0,0.0,0.0,0.0,0.0,0.0,0.0,0.0,0.0,0.0,0.0
93053316,005930,70100.0,1290670,70100.0,100.0,100.0,50.0,50.0,1.00187435666384,1.859217084818643,0.0,0.0,0.0,0.0,-0.14245014245014245,0.0,0.0,0.0,0.0,0.0,0.0,0.0,0.0,0.0,0.0,0,0,0,0,0,0,0,0.0,0.0,0.0,0.0,0.0,0.0,0.0,0.0,0.0,0.0,0.0
93053317,005930,70100.0,1290671,70100.0,100.0,100.0,50.0,50.0,1.0014148299158745,1.8013130311855607,0.0,0.0,0.0,0.0,-0.14245014245014245,0.0,0.0,0.0,0.0,0.0,0.0,0.0,0.0,0.0,0.0,0,0,0,0,0,0,0,0.0,0.0,0.0,0.0,0.0,0.0,0.0,0.0,0.0,0.0,0.0
93053318,005930,70100.0,1290691,70100.0,100.0,100.0,50.0,50.0,1.000970033352458,1.7519350582937165,0.0,0.0,0.0,0.0,-0.14245014245014245,0.0,0.0,0.0,0.0,0.0,0.0,0.0,0.0,0.0,0.0,0,0,0,0,0,0,0,0.0,0.0,0.0,0.0,0.0,0.0,0.0,0.0,0.0,0.0,0.0
93053319,005930,70100.0,1291191,70100.0,100.0,100.0,50.0,50.0,1.0008784878381798,1.7917681985738154,0.0,0.0,0.0,0.0,-0.14245014245014245,0.0,0.0,0.0,0.0,0.0,0.0,0.0,0.0,0.0,0.0,0,0,0,0,0,0,0,0.0,0.0,0.0,0.0,0.0,0.0,0.0,0.0,0.0,0.0,0.0
93053320,005930,70100.0,1291192,70100.0,100.0,100.0,50.0,50.0,1.0006058926303394,1.7410671659781136,0.0,0.0,0.0,0.0,-0.14245014245014245,0.0,0.0,0.0,0.0,0.0,0.0,0.0,0.0,0.0,0.0,0,0,0,0,0,0,0,0.0,0.0,0.0,0.0,0.0,0.0,0.0,0.0,0.0,0.0,0.0
93053320,005930,70100.0,1291195,70100.0,100.0,100.0,50.0,50.0,1.000540372932876,1.694799945727061,0.0,0.0,0.0,0.0,-0.14245014245014245,0.0,0.0,0.0,0.0,0.0,0.0,0.0,0.0,0.0,0.0,0,0,0,0,0,0,0,0.0,0.0,0.0,0.0,0.0,0.0,0.0,0.0,0.0,0.0,0.0
93053321,005930,70100.0,1291196,70100.0,100.0,100.0,50.0,50.0,1.0004805606923668,1.6517329440496846,0.0,0.0,0.0,0.0,-0.14245014245014245,0.0,0.0,0.0,0.0,0.0,0.0,0.0,0.0,0.0,0.0,0,0,0,0,0,0,0,0.0,0.0,0.0,0.0,0.0,0.0,0.0,0.0,0.0,0.0,0.0
93053322,005930,70100.0,1291246,70100.0,100.0,100.0,50.0,50.0,1.0004568218156282,1.6201202031825064,0.0,0.0,0.0,0.0,-0.14245014245014245,0.0,0.0,0.0,0.0,0.0,0.0,0.0,0.0,0.0,0.0,0,0,0,0,0,0,0,0.0,0.0,0.0,0.0,0.0,0.0,0.0,0.0,0.0,0.0,0.0
93053323,005930,70100.0,1291256,70100.0,100.0,100.0,50.0,50.0,1.0004143807514119,1.5840170434545617,0.0,0.0,0.0,0.0,-0.14245014245014245,0.0,0.0,0.0,0.0,0.0,0.0,0.0,0.0,0.0,0.0,0,0,0,0,0,0,0,0.0,0.0,0.0,0.0,0.0,0.0,0.0,0.0,0.0,0.0,0.0
93053324,005930,70100.0,1291356,70100.0,100.0,100.0,50.0,50.0,1.0004527136926196,1.5653661513552408,0.0,0.0,0.0,0.0,-0.14245014245014245,0.0,0.0,0.0,0.0,0.0,0.0,0.0,0.0,0.0,0.0,0,0,0,0,0,0,0,0.0,0.0,0.0,0.0,0.0,0.0,0.0,0.0,0.0,0.0,0.0
93053325,005930,70100.0,1291359,70100.0,100.0,100.0,50.0,50.0,1.0004158589773247,1.5319276291291022,0.0,0.0,0.0,0.0,-0.14245014245014245,0.0,0.0,0.0,0.0,0.0,0.0,0.0,0.0,0.0,0.0,0,0,0,0,0,0,0,0.0,0.0,0.0,0.0,0.0,0.0,0.0,0.0,0.0,0.0,0.0
93053325,005930,70100.0,1291360,70100.0,100.0,100.0,50.0,50.0,1.0003778065421343,1.5002477281065925,0.0,0.0,0.0,0.0,-0.14245014245014245,0.0,0.0,0.0,0.0,0.0,0.0,0.0,0.0,0.0,0.0,0,0,0,0,0,0,0,0.0,0.0,0.0,0.0,0.0,0.0,0.0,0.0,0.0,0.0,0.0
93053326,005930,70100.0,1291361,70100.0,100.0,100.0,50.0,50.0,1.0003397958056888,1.4704658995567848,0.0,0.0,0.0,0.0,-0.14245014245014245,0.0,0.0,0.0,0.0,0.0,0.0,0.0,0.0,0.0,0.0,0,0,0,0,0,0,0,0.0,0.0,0.0,0.0,0.0,0.0,0.0,0.0,0.0,0.0,0.0
93053327,005930,70100.0,1291366,70100.0,100.0,100.0,50.0,50.0,1.000305080167686,1.443051555818283,0.0,0.0,0.0,0.0,-0.14245014245014245,0.0,0.0,0.0,0.0,0.0,0.0,0.0,0.0,0.0,0.0,0,0,0,0,0,0,0,0.0,0.0,0.0,0.0,0.0,0.0,0.0,0.0,0.0,0.0,0.0
93053328,005930,70100.0,1291416,70100.0,100.0,100.0,50.0,50.0,1.0003052233155292,1.4244523731844194,0.0,0.0,0.0,0.0,-0.14245014245014245,0.0,0.0,0.0,0.0,0.0,0.0,0.0,0.0,0.0,0.0,0,0,0,0,0,0,0,0.0,0.0,0.0,0.0,0.0,0.0,0.0,0.0,0.0,0.0,0.0
93053329,005930,70100.0,1291419,70100.0,100.0,100.0,50.0,50.0,1.0002707832747024,1.39933357336231,0.0,0.0,0.0,0.0,-0.14245014245014245,0.0,0.0,0.0,0.0,0.0,0.0,0.0,0.0,0.0,0.0,0,0,0,0,0,0,0,0.0,0.0,0.0,0.0,0.0,0.0,0.0,0.0,0.0,0.0,0.0
93053330,005930,70100.0,1291523,70100.0,100.0,100.0,50.0,50.0,1.0003153861179608,1.3917286493267453,0.0,0.0,0.0,0.0,-0.14245014245014245,0.0,0.0,0.0,0.0,0.0,0.0,0.0,0.0,0.0,0.0,0,0,0,0,0,0,0,0.0,0.0,0.0,0.0,0.0,0.0,0.0,0.0,0.0,0.0,0.0
93053330,005930,70100.0,1291533,70100.0,100.0,100.0,50.0,50.0,1.000287338072217,1.3696158284359239,0.0,0.0,0.0,0.0,-0.14245014245014245,0.0,0.0,0.0,0.0,0.0,0.0,0.0,0.0,0.0,0.0,0,0,0,0,0,0,0,0.0,0.0,0.0,0.0,0.0,0.0,0.0,0.0,0.0,0.0,0.0
93053331,005930,70100.0,1291713,70100.0,100.0,100.0,50.0,50.0,1.0003843661563547,1.3756319103677284,0.0,0.0,0.0,0.0,-0.14245014245014245,0.0,0.0,0.0,0.0,0.0,0.0,0.0,0.0,0.0,0.0,0,0,0,0,0,0,0,0.0,0.0,0.0,0.0,0.0,0.0,0.0,0.0,0.0,0.0,0.0
93053332,005930,70100.0,1291723,70100.0,100.0,100.0,50.0,50.0,1.0003493842137114,1.3546491802521523,0.0,0.0,0.0,0.0,-0.14245014245014245,0.0,0.0,0.0,0.0,0.0,0.0,0.0,0.0,0.0,0.0,0,0,0,0,0,0,0,0.0,0.0,0.0,0.0,0.0,0.0,0.0,0.0,0.0,0.0,0.0
93053333,005930,70100.0,1291724,70100.0,100.0,100.0,50.0,50.0,1.0003093335443827,1.3332600359411602,0.0,0.0,0.0,0.0,-0.14245014245014245,0.0,0.0,0.0,0.0,0.0,0.0,0.0,0.0,0.0,0.0,0,0,0,0,0,0,0,0.0,0.0,0.0,0.0,0.0,0.0,0.0,0.0,0.0,0.0,0.0
93053333,005930,70100.0,1291734,70100.0,100.0,100.0,50.0,50.0,1.000275906886111,1.3142757941673306,0.0,0.0,0.0,0.0,-0.14245014245014245,0.0,0.0,0.0,0.0,0.0,0.0,0.0,0.0,0.0,0.0,0,0,0,0,0,0,0,0.0,0.0,0.0,0.0,0.0,0.0,0.0,0.0,0.0,0.0,0.0
93053334,005930,70100.0,1291738,70100.0,100.0,100.0,50.0,50.0,1.0002384565853955,1.295216448296033,0.0,0.0,0.0,0.0,-0.14245014245014245,0.0,0.0,0.0,0.0,0.0,0.0,0.0,0.0,0.0,0.0,0,0,0,0,0,0,0,0.0,0.0,0.0,0.0,0.0,0.0,0.0,0.0,0.0,0.0,0.0
93053335,005930,70100.0,1291739,70100.0,100.0,100.0,50.0,50.0,1.0002180095054622,1.2765252571770551,0.0,0.0,0.0,0.0,-0.14245014245014245,0.0,0.0,0.0,0.0,0.0,0.0,0.0,0.0,0.0,0.0,0,0,0,0,0,0,0,0.0,0.0,0.0,0.0,0.0,0.0,0.0,0.0,0.0,0.0,0.0
93053336,005930,70100.0,1291745,70100.0,100.0,100.0,50.0,50.0,1.0002012411912455,1.2594076230016042,0.0,0.0,0.0,0.0,-0.14245014245014245,0.0,0.0,0.0,0.0,0.0,0.0,0.0,0.0,0.0,0.0,0,0,0,0,0,0,0,0.0,0.0,0.0,0.0,0.0,0.0,0.0,0.0,0.0,0.0,0.0
93053337,005930,70100.0,1291814,70100.0,100.0,100.0,50.0,50.0,1.0002306978686017,1.2527988454965144,0.0,0.0,0.0,0.0,-0.14245014245014245,0.0,0.0,0.0,0.0,0.0,0.0,0.0,0.0,0.0,0.0,0,0,0,0,0,0,0,0.0,0.0,0.0,0.0,0.0,0.0,0.0,0.0,0.0,0.0,0.0
93053338,005930,70100.0,1291820,70100.0,100.0,100.0,50.0,50.0,1.0002111808143295,1.2367731475064556,0.0,0.0,0.0,0.0,-0.14245014245014245,0.0,0.0,0.0,0.0,0.0,0.0,0.0,0.0,0.0,0.0,0,0,0,0,0,0,0,0.0,0.0,0.0,0.0,0.0,0.0,0.0,0.0,0.0,0.0,0.0
93053338,005930,70100.0,1291892,70100.0,100.0,100.0,50.0,50.0,1.0002419130900608,1.2316027081053533,0.0,0.0,0.0,0.0,-0.14245014245014245,0.0,0.0,0.0,0.0,0.0,0.0,0.0,0.0,0.0,0.0,0,0,0,0,0,0,0,0.0,0.0,0.0,0.0,0.0,0.0,0.0,0.0,0.0,0.0,0.0
93053339,005930,70100.0,1291894,70100.0,100.0,100.0,50.0,50.0,1.0002187577386372,1.2159142375417793,0.0,0.0,0.0,0.0,-0.14245014245014245,0.0,0.0,0.0,0.0,0.0,0.0,0.0,0.0,0.0,0.0,0,0,0,0,0,0,0,0.0,0.0,0.0,0.0,0.0,0.0,0.0,0.0,0.0,0.0,0.0
93053340,005930,70100.0,1291904,70100.0,100.0,100.0,50.0,50.0,1.0002052818401985,1.202057578031974,0.0,0.0,0.0,0.0,-0.14245014245014245,0.0,0.0,0.0,0.0,0.0,0.0,0.0,0.0,0.0,0.0,0,0,0,0,0,0,0,0.0,0.0,0.0,0.0,0.0,0.0,0.0,0.0,0.0,0.0,0.0
93053341,005930,70100.0,1292461,70100.0,100.0,100.0,50.0,50.0,1.000593832618013,1.272777060958985,0.0,0.0,0.0,0.0,-0.14245014245014245,0.0,0.0,0.0,0.0,0.0,0.0,0.0,0.0,0.0,0.0,0,0,0,0,0,0,0,0.0,0.0,0.0,0.0,0.0,0.0,0.0,0.0,0.0,0.0,0.0
93053341,005930,70100.0,1292464,70100.0,100.0,100.0,50.0,50.0,1.0005533969192084,1.2565564985055353,0.0,0.0,0.0,0.0,-0.14245014245014245,0.0,0.0,0.0,0.0,0.0,0.0,0.0,0.0,0.0,0.0,0,0,0,0,0,0,0,0.0,0.0,0.0,0.0,0.0,0.0,0.0,0.0,0.0,0.0,0.0
93053342,005930,70100.0,1292465,70100.0,100.0,100.0,50.0,50.0,1.0005114164540474,1.2406556405418292,0.0,0.0,0.0,0.0,-0.14245014245014245,0.0,0.0,0.0,0.0,0.0,0.0,0.0,0.0,0.0,0.0,0,0,0,0,0,0,0,0.0,0.0,0.0,0.0,0.0,0.0,0.0,0.0,0.0,0.0,0.0
93053343,005930,70100.0,1292466,70100.0,100.0,100.0,50.0,50.0,1.0004695944647535,1.2253502986882367,0.0,0.0,0.0,0.0,-0.14245014245014245,0.0,0.0,0.0,0.0,0.0,0.0,0.0,0.0,0.0,0.0,0,0,0,0,0,0,0,0.0,0.0,0.0,0.0,0.0,0.0,0.0,0.0,0.0,0.0,0.0
93053344,005930,70100.0,1292467,70100.0,100.0,100.0,50.0,50.0,1.000429673261776,1.2106043972709923,0.0,0.0,0.0,0.0,-0.14245014245014245,0.0,0.0,0.0,0.0,0.0,0.0,0.0,0.0,0.0,0.0,0,0,0,0,0,0,0,0.0,0.0,0.0,0.0,0.0,0.0,0.0,0.0,0.0,0.0,0.0
93053345,005930,70100.0,1292472,70100.0,100.0,100.0,50.0,50.0,1.0003927739348575,1.1969924661646023,0.0,0.0,0.0,0.0,-0.14245014245014245,0.0,0.0,0.0,0.0,0.0,0.0,0.0,0.0,0.0,0.0,0,0,0,0,0,0,0,0.0,0.0,0.0,0.0,0.0,0.0,0.0,0.0,0.0,0.0,0.0
93053345,005930,70100.0,1292482,70100.0,100.0,100.0,50.0,50.0,1.0003633865771422,1.1846187511042798,0.0,0.0,0.0,0.0,-0.14245014245014245,0.0,0.0,0.0,0.0,0.0,0.0,0.0,0.0,0.0,0.0,0,0,0,0,0,0,0,0.0,0.0,0.0,0.0,0.0,0.0,0.0,0.0,0.0,0.0,0.0
93053346,005930,70100.0,1292483,70100.0,100.0,100.0,50.0,50.0,1.0003273841772053,1.171315380131881,0.0,0.0,0.0,0.0,-0.14245014245014245,0.0,0.0,0.0,0.0,0.0,0.0,0.0,0.0,0.0,0.0,0,0,0,0,0,0,0,0.0,0.0,0.0,0.0,0.0,0.0,0.0,0.0,0.0,0.0,0.0
93053347,005930,70100.0,1292493,70100.0,100.0,100.0,50.0,50.0,1.0003049301949773,1.159818131556907,0.0,0.0,0.0,0.0,-0.14245014245014245,0.0,0.0,0.0,0.0,0.0,0.0,0.0,0.0,0.0,0.0,0,0,0,0,0,0,0,0.0,0.0,0.0,0.0,0.0,0.0,0.0,0.0,0.0,0.0,0.0
93053347,005930,70100.0,1292498,70100.0,100.0,100.0,50.0,50.0,1.0002788015441852,1.1479527011566695,0.0,0.0,0.0,0.0,-0.14245014245014245,0.0,0.0,0.0,0.0,0.0,0.0,0.0,0.0,0.0,0.0,0,0,0,0,0,0,0,0.0,0.0,0.0,0.0,0.0,0.0,0.0,0.0,0.0,0.0,0.0
93053348,005930,70100.0,1292499,70100.0,100.0,100.0,50.0,50.0,1.0002495789081445,1.1358688274072333,0.0,0.0,0.0,0.0,-0.14245014245014245,0.0,0.0,0.0,0.0,0.0,0.0,0.0,0.0,0.0,0.0,0,0,0,0,0,0,0,0.0,0.0,0.0,0.0,0.0,0.0,0.0,0.0,0.0,0.0,0.0
93053349,005930,70100.0,1292504,70100.0,100.0,100.0,50.0,50.0,1.0002236469937278,1.1247679539796376,0.0,0.0,0.0,0.0,-0.14245014245014245,0.0,0.0,0.0,0.0,0.0,0.0,0.0,0.0,0.0,0.0,0,0,0,0,0,0,0,0.0,0.0,0.0,0.0,0.0,0.0,0.0,0.0,0.0,0.0,0.0
93053350,005930,70100.0,1292506,70100.0,100.0,100.0,50.0,50.0,1.0001954724978863,1.1135617177613746,0.0,0.0,0.0,0.0,-0.14245014245014245,0.0,0.0,0.0,0.0,0.0,0.0,0.0,0.0,0.0,0.0,0,0,0,0,0,0,0,0.0,0.0,0.0,0.0,0.0,0.0,0.0,0.0,0.0,0.0,0.0
93053351,005930,70100.0,1292515,70100.0,100.0,100.0,50.0,50.0,1.0001724068287343,1.1037496232206532,0.0,0.0,0.0,0.0,-0.14245014245014245,0.0,0.0,0.0,0.0,0.0,0.0,0.0,0.0,0.0,0.0,0,0,0,0,0,0,0,0.0,0.0,0.0,0.0,0.0,0.0,0.0,0.0,0.0,0.0,0.0
93053351,005930,70100.0,1292516,70100.0,100.0,100.0,50.0,50.0,1.000143345656675,1.093033922650449,0.0,0.0,0.0,0.0,-0.14245014245014245,0.0,0.0,0.0,0.0,0.0,0.0,0.0,0.0,0.0,0.0,0,0,0,0,0,0,0,0.0,0.0,0.0,0.0,0.0,0.0,0.0,0.0,0.0,0.0,0.0
93053352,005930,70100.0,1292526,70100.0,100.0,100.0,50.0,50.0,1.0001235330833242,1.083984328509081,0.0,0.0,0.0,0.0,-0.14245014245014245,0.0,0.0,0.0,0.0,0.0,0.0,0.0,0.0,0.0,0.0,0,0,0,0,0,0,0,0.0,0.0,0.0,0.0,0.0,0.0,0.0,0.0,0.0,0.0,0.0
93053353,005930,70100.0,1292528,70100.0,100.0,100.0,50.0,50.0,1.0000976863425015,1.0740011722691676,0.0,0.0,0.0,0.0,-0.14245014245014245,0.0,0.0,0.0,0.0,0.0,0.0,0.0,0.0,0.0,0.0,0,0,0,0,0,0,0,0.0,0.0,0.0,0.0,0.0,0.0,0.0,0.0,0.0,0.0,0.0
93053354,005930,70100.0,1292529,70100.0,100.0,100.0,50.0,50.0,1.0000738142369556,1.0641490316826174,0.0,0.0,0.0,0.0,-0.14245014245014245,0.0,0.0,0.0,0.0,0.0,0.0,0.0,0.0,0.0,0.0,0,0,0,0,0,0,0,0.0,0.0,0.0,0.0,0.0,0.0,0.0,0.0,0.0,0.0,0.0
93053355,005930,70100.0,1292539,70100.0,100.0,100.0,50.0,50.0,1.0000565972400741,1.0559216967467464,0.0,0.0,0.0,0.0,-0.14245014245014245,0.0,0.0,0.0,0.0,0.0,0.0,0.0,0.0,0.0,0.0,0,0,0,0,0,0,0,0.0,0.0,0.0,0.0,0.0,0.0,0.0,0.0,0.0,0.0,0.0
93053355,005930,70100.0,1292541,70100.0,100.0,100.0,50.0,50.0,1.000033501026733,1.046725997096458,0.0,0.0,0.0,0.0,-0.14245014245014245,0.0,0.0,0.0,0.0,0.0,0.0,0.0,0.0,0.0,0.0,0,0,0,0,0,0,0,0.0,0.0,0.0,0.0,0.0,0.0,0.0,0.0,0.0,0.0,0.0
93053356,005930,70100.0,1292546,70100.0,100.0,100.0,50.0,50.0,1.0000340811864927,1.0382275790088713,0.0,0.0,0.0,0.0,-0.14245014245014245,0.0,0.0,0.0,0.0,0.0,0.0,0.0,0.0,0.0,0.0,0,0,0,0,0,0,0,0.0,0.0,0.0,0.0,0.0,0.0,0.0,0.0,0.0,0.0,0.0
93053357,005930,70100.0,1292548,70100.0,100.0,100.0,50.0,50.0,1.0000323789561854,1.0295059219323786,0.0,0.0,0.0,0.0,-0.14245014245014245,0.0,0.0,0.0,0.0,0.0,0.0,0.0,0.0,0.0,0.0,0,0,0,0,0,0,0,0.0,0.0,0.0,0.0,0.0,0.0,0.0,0.0,0.0,0.0,0.0
93053358,005930,70100.0,1292592,70100.0,100.0,100.0,50.0,50.0,1.000061508109206,1.0273243792271018,0.0,0.0,0.0,0.0,-0.14245014245014245,0.0,0.0,0.0,0.0,0.0,0.0,0.0,0.0,0.0,0.0,0,0,0,0,0,0,0,0.0,0.0,0.0,0.0,0.0,0.0,0.0,0.0,0.0,0.0,0.0
93053359,005930,70100.0,1292593,70100.0,100.0,100.0,50.0,50.0,1.0000573686024,1.0187879928563235,0.0,0.0,0.0,0.0,-0.14245014245014245,0.0,0.0,0.0,0.0,0.0,0.0,0.0,0.0,0.0,0.0,0,0,0,0,0,0,0,0.0,0.0,0.0,0.0,0.0,0.0,0.0,0.0,0.0,0.0,0.0
93053360,005930,70100.0,1292652,70100.0,100.0,100.0,50.0,50.0,1.0000958586509647,1.0191857964138225,0.0,0.0,0.0,0.0,-0.14245014245014245,0.0,0.0,0.0,0.0,0.0,0.0,0.0,0.0,0.0,0.0,0,0,0,0,0,0,0,0.0,0.0,0.0,0.0,0.0,0.0,0.0,0.0,0.0,0.0,0.0
93053361,005930,70100.0,1292653,70100.0,100.0,100.0,50.0,50.0,1.0000896299189543,1.0109256157539876,0.0,0.0,0.0,0.0,-0.14245014245014245,0.0,0.0,0.0,0.0,0.0,0.0,0.0,0.0,0.0,0.0,0,0,0,0,0,0,0,0.0,0.0,0.0,0.0,0.0,0.0,0.0,0.0,0.0,0.0,0.0
93053361,005930,70100.0,1292656,70100.0,100.0,100.0,50.0,50.0,1.0000852194140732,1.0031686290529531,0.0,0.0,0.0,0.0,-0.14245014245014245,0.0,0.0,0.0,0.0,0.0,0.0,0.0,0.0,0.0,0.0,0,0,0,0,0,0,0,0.0,0.0,0.0,0.0,0.0,0.0,0.0,0.0,0.0,0.0,0.0
93053362,005930,70100.0,1292662,70100.0,100.0,100.0,50.0,50.0,1.0000829365223045,0.99605258165594,0.0,0.0,0.0,0.0,-0.14245014245014245,0.0,0.0,0.0,0.0,0.0,0.0,0.0,0.0,0.0,0.0,0,0,0,0,0,0,0,0.0,0.0,0.0,0.0,0.0,0.0,0.0,0.0,0.0,0.0,0.0
93053363,005930,70100.0,1292664,70100.0,100.0,100.0,50.0,50.0,1.0000778685238134,0.9885101112104356,0.0,0.0,0.0,0.0,-0.14245014245014245,0.0,0.0,0.0,0.0,0.0,0.0,0.0,0.0,0.0,0.0,0,0,0,0,0,0,0,0.0,0.0,0.0,0.0,0.0,0.0,0.0,0.0,0.0,0.0,0.0
93053364,005930,70100.0,1292665,70100.0,100.0,100.0,50.0,50.0,1.0000721816824552,0.9809950342902961,0.0,0.0,0.0,0.0,-0.14245014245014245,0.0,0.0,0.0,0.0,0.0,0.0,0.0,0.0,0.0,0.0,0,0,0,0,0,0,0,0.0,0.0,0.0,0.0,0.0,0.0,0.0,0.0,0.0,0.0,0.0
93053364,005930,70100.0,1292675,70100.0,100.0,100.0,50.0,50.0,1.0000731095664834,0.9750085800098091,0.0,0.0,0.0,0.0,-0.14245014245014245,0.0,0.0,0.0,0.0,0.0,0.0,0.0,0.0,0.0,0.0,0,0,0,0,0,0,0,0.0,0.0,0.0,0.0,0.0,0.0,0.0,0.0,0.0,0.0,0.0
93053365,005930,70100.0,1292676,70100.0,100.0,100.0,50.0,50.0,1.0000672294080153,0.9678138064174775,0.0,0.0,0.0,0.0,-0.14245014245014245,0.0,0.0,0.0,0.0,0.0,0.0,0.0,0.0,0.0,0.0,0,0,0,0,0,0,0,0.0,0.0,0.0,0.0,0.0,0.0,0.0,0.0,0.0,0.0,0.0
93053366,005930,70100.0,1292831,70100.0,100.0,100.0,50.0,50.0,1.0001745699102977,0.9839850614534384,0.0,0.0,0.0,0.0,-0.14245014245014245,0.0,0.0,0.0,0.0,0.0,0.0,0.0,0.0,0.0,0.0,0,0,0,0,0,0,0,0.0,0.0,0.0,0.0,0.0,0.0,0.0,0.0,0.0,0.0,0.0
93053367,005930,70100.0,1292832,70100.0,100.0,100.0,50.0,50.0,1.0001630794853125,0.9767704196632444,0.0,0.0,0.0,0.0,-0.14245014245014245,0.0,0.0,0.0,0.0,0.0,0.0,0.0,0.0,0.0,0.0,0,0,0,0,0,0,0,0.0,0.0,0.0,0.0,0.0,0.0,0.0,0.0,0.0,0.0,0.0
93053367,005930,70100.0,1294746,70100.0,100.0,100.0,50.0,50.0,1.0015573985248458,1.2570997869738063,0.0,0.0,0.0,0.0,-0.14245014245014245,0.0,0.0,0.0,0.0,0.0,0.0,0.0,0.0,0.0,0.0,0,0,0,0,0,0,0,0.0,0.0,0.0,0.0,0.0,0.0,0.0,0.0,0.0,0.0,0.0
93053398,005930,70200.0,1294747,70120.0,100.0,100.11409013120365,75.0,58.333333333333336,1.0014721423219164,1.2451396995535462,1294747.0,0.0,0.0,100.0,0.0,0.0,0.0,0.0,0.0,0.0,0.0,0.0,0.0,0.0,0.0,0,0,0,0,0,0,0,0.0,0.0,0.0,0.0,0.0,0.0,0.0,0.0,0.0,0.0,0.0
93053491,005930,70200.0,1294748,70140.0,100.0,100.08554319931567,75.0,66.66666666666667,1.0013869394887949,1.2335196000737783,0.0,0.0,0.0,-100.0,0.0,0.0,0.0,0.0,0.0,0.0,0.0,0.0,0.0,0.0,0.0,0,0,0,0,0,0,0,0.0,0.0,0.0,0.0,0.0,0.0,0.0,0.0,0.0,0.0,0.0
93053693,005930,70200.0,1294799,70160.0,100.0,100.05701254275941,75.0,75.0,1.0013384831001766,1.2296685836068428,0.0,0.0,0.0,0.0,0.0,0.0,0.0,0.0,0.0,0.0,0.0,0.0,0.0,0.0,0.0,0,0,0,0,0,0,0,0.0,0.0,0.0,0.0,0.0,0.0,0.0,0.0,0.0,0.0,0.0
93054190,005930,70100.0,1294806,70160.0,49.99999999965,99.9144811858609,50.0,66.66666666666667,1.0012561267497155,1.2194255527171474,-1294806.0,0.0,0.0,-100.0,0.0,0.0,0.0,0.0,0.0,0.0,0.0,0.0,0.0,0.0,0.0,0,0,0,0,0,0,0,0.0,0.0,0.0,0.0,0.0,0.0,0.0,0.0,0.0,0.0,0.0
93054191,005930,70200.0,1294826,70180.0,66.66666666635555,100.02849814762041,75.0,66.66666666666667,1.0011831399598166,1.2113953163287545,1294826.0,0.0,0.0,200.0,0.14265335235378032,0.0,0.0,0.0,0.0,0.0,0.0,0.0,0.0,0.0,0.0,0,0,0,0,0,0,0,0.0,0.0,0.0,0.0,0.0,0.0,0.0,0.0,0.0,0.0,0.0
93054391,005930,70200.0,1294827,70180.0,66.66666666635555,100.02849814762041,75.0,66.66666666666667,1.0010956310138033,1.2007796420693098,0.0,0.0,0.0,-100.0,0.14265335235378032,0.0,0.0,0.0,0.0,0.0,0.0,0.0,0.0,0.0,0.0,0,0,0,0,0,0,0,0.0,0.0,0.0,0.0,0.0,0.0,0.0,0.0,0.0,0.0,0.0
93054796,005930,70200.0,1294833,70180.0,66.66666666635555,100.02849814762041,75.0,75.0,1.0010118481359627,1.191183162738926,0.0,0.0,0.0,0.0,0.0,0.0,0.0,0.0,0.0,0.0,0.0,0.0,0.0,0.0,0.0,0,0,0,0,0,0,0,0.0,0.0,0.0,0.0,0.0,0.0,0.0,0.0,0.0,0.0,0.0
93054798,005930,70200.0,1295309,70180.0,66.66666666635555,100.02849814762041,75.0,75.0,1.001274678045236,1.2512774001395597,0.0,0.0,0.0,0.0,0.0,0.0,0.0,0.0,0.0,0.0,0.0,0.0,0.0,0.0,0.0,0,0,0,0,0,0,0,0.0,0.0,0.0,0.0,0.0,0.0,0.0,0.0,0.0,0.0,0.0
93055198,005930,70200.0,1295407,70200.0,66.66666666635555,100.0,75.0,75.0,1.0012415358872506,1.2544057561187998,0.0,0.0,0.0,0.0,0.0,0.0,0.0,0.0,0.0,0.0,0.0,0.0,0.0,0.0,0.0,0,0,0,0,0,0,0,0.0,0.0,0.0,0.0,0.0,0.0,0.0,0.0,0.0,0.0,0.0
93055600,005930,70200.0,1295408,70200.0,66.66666666635555,100.0,75.0,75.0,1.0011356799415119,1.2432594670349062,0.0,0.0,0.0,0.0,0.0,0.0,0.0,0.0,0.0,0.0,0.0,0.0,0.0,0.0,0.0,0,0,0,0,0,0,0,0.0,0.0,0.0,0.0,0.0,0.0,0.0,0.0,0.0,0.0,0.0
93056194,005930,70100.0,1299559,70180.0,49.999999999825,99.88600740951838,50.0,66.66666666666667,1.004075767617581,1.8361399085391283,-1299559.0,0.0,0.0,-100.0,-0.14245014245014245,0.0,0.0,0.0,0.0,0.0,0.0,0.0,0.0,0.0,0.0,0,0,0,0,0,0,0,0.0,0.0,0.0,0.0,0.0,0.0,0.0,0.0,0.0,0.0,0.0
93056195,005930,70100.0,1299569,70160.0,49.999999999825,99.9144811858609,50.0,58.333333333333336,1.0038154160636468,1.8101317426048498,0.0,0.0,0.0,100.0,-0.14245014245014245,0.0,0.0,0.0,0.0,0.0,0.0,0.0,0.0,0.0,0.0,0,0,0,0,0,0,0,0.0,0.0,0.0,0.0,0.0,0.0,0.0,0.0,0.0,0.0,0.0
93056196,005930,70100.0,1299571,70140.0,49.999999999825,99.94297120045623,50.0,50.0,1.003549180760183,1.7841208137284053,0.0,0.0,0.0,0.0,-0.14245014245014245,0.0,0.0,0.0,0.0,0.0,0.0,0.0,0.0,0.0,0.0,0,0,0,0,0,0,0,0.0,0.0,0.0,0.0,0.0,0.0,0.0,0.0,0.0,0.0,0.0
93056197,005930,70100.0,1299695,70120.0,49.999999999825,99.9714774671991,50.0,50.0,1.0033725475149526,1.7764093528736578,0.0,0.0,0.0,0.0,-0.14245014245014245,0.0,0.0,0.0,0.0,0.0,0.0,0.0,0.0,0.0,0.0,0,0,0,0,0,0,0,0.0,0.0,0.0,0.0,0.0,0.0,0.0,0.0,0.0,0.0,0.0
93056198,005930,70100.0,1299708,70100.0,33.33333333317778,100.0,50.0,50.0,1.0031098761683646,1.7534755948712866,0.0,0.0,0.0,0.0,-0.14245014245014245,0.0,0.0,0.0,0.0,0.0,0.0,0.0,0.0,0.0,0.0,0,0,0,0,0,0,0,0.0,0.0,0.0,0.0,0.0,0.0,0.0,0.0,0.0,0.0,0.0
93056198,005930,70100.0,1299739,70100.0,33.33333333317778,100.0,50.0,50.0,1.0028604236408396,1.7339807533184564,0.0,0.0,0.0,0.0,-0.14245014245014245,0.0,0.0,0.0,0.0,0.0,0.0,0.0,0.0,0.0,0.0,0,0,0,0,0,0,0,0.0,0.0,0.0,0.0,0.0,0.0,0.0,0.0,0.0,0.0,0.0
93056199,005930,70100.0,1299789,70100.0,33.33333333317778,100.0,50.0,50.0,1.002623868350469,1.7178905249990966,0.0,0.0,0.0,0.0,-0.14245014245014245,0.0,0.0,0.0,0.0,0.0,0.0,0.0,0.0,0.0,0.0,0,0,0,0,0,0,0,0.0,0.0,0.0,0.0,0.0,0.0,0.0,0.0,0.0,0.0,0.0
93056200,005930,70100.0,1299794,70100.0,49.99999999965,100.0,50.0,50.0,1.0023585378545943,1.696243918406883,0.0,0.0,0.0,0.0,-0.14245014245014245,0.0,0.0,0.0,0.0,0.0,0.0,0.0,0.0,0.0,0.0,0,0,0,0,0,0,0,0.0,0.0,0.0,0.0,0.0,0.0,0.0,0.0,0.0,0.0,0.0
93056201,005930,70100.0,1299814,70100.0,0.0,100.0,50.0,50.0,1.002104180243588,1.677472311924163,0.0,0.0,0.0,0.0,-0.14245014245014245,0.0,0.0,0.0,0.0,0.0,0.0,0.0,0.0,0.0,0.0,0,0,0,0,0,0,0,0.0,0.0,0.0,0.0,0.0,0.0,0.0,0.0,0.0,0.0,0.0
93056202,005930,70100.0,1299864,70100.0,0.0,100.0,50.0,50.0,1.001945055908988,1.6634811553470488,0.0,0.0,0.0,0.0,-0.14245014245014245,0.0,0.0,0.0,0.0,0.0,0.0,0.0,0.0,0.0,0.0,0,0,0,0,0,0,0,0.0,0.0,0.0,0.0,0.0,0.0,0.0,0.0,0.0,0.0,0.0
93056202,005930,70100.0,1299874,70100.0,0.0,100.0,50.0,50.0,1.0017548207091578,1.644595721938521,0.0,0.0,0.0,0.0,-0.14245014245014245,0.0,0.0,0.0,0.0,0.0,0.0,0.0,0.0,0.0,0.0,0,0,0,0,0,0,0,0.0,0.0,0.0,0.0,0.0,0.0,0.0,0.0,0.0,0.0,0.0
93056203,005930,70100.0,1299876,70100.0,0.0,100.0,50.0,50.0,1.0015584580492087,1.625308577796278,0.0,0.0,0.0,0.0,-0.14245014245014245,0.0,0.0,0.0,0.0,0.0,0.0,0.0,0.0,0.0,0.0,0,0,0,0,0,0,0,0.0,0.0,0.0,0.0,0.0,0.0,0.0,0.0,0.0,0.0,0.0
93056204,005930,70100.0,1299880,70100.0,0.0,100.0,50.0,50.0,1.0013655264579804,1.6069620852219577,0.0,0.0,0.0,0.0,-0.14245014245014245,0.0,0.0,0.0,0.0,0.0,0.0,0.0,0.0,0.0,0.0,0,0,0,0,0,0,0,0.0,0.0,0.0,0.0,0.0,0.0,0.0,0.0,0.0,0.0,0.0
93056205,005930,70100.0,1299881,70100.0,0.0,100.0,50.0,50.0,1.0011705910947815,1.5888414289613146,0.0,0.0,0.0,0.0,-0.14245014245014245,0.0,0.0,0.0,0.0,0.0,0.0,0.0,0.0,0.0,0.0,0,0,0,0,0,0,0,0.0,0.0,0.0,0.0,0.0,0.0,0.0,0.0,0.0,0.0,0.0
93056206,005930,70100.0,1300081,70100.0,100.0,100.0,50.0,50.0,1.0011220338698525,1.5977507055728677,0.0,0.0,0.0,0.0,-0.14245014245014245,0.0,0.0,0.0,0.0,0.0,0.0,0.0,0.0,0.0,0.0,0,0,0,0,0,0,0,0.0,0.0,0.0,0.0,0.0,0.0,0.0,0.0,0.0,0.0,0.0
93056206,005930,70100.0,1300123,70100.0,100.0,100.0,50.0,50.0,1.00095027387643,1.5855243000041976,0.0,0.0,0.0,0.0,-0.14245014245014245,0.0,0.0,0.0,0.0,0.0,0.0,0.0,0.0,0.0,0.0,0,0,0,0,0,0,0,0.0,0.0,0.0,0.0,0.0,0.0,0.0,0.0,0.0,0.0,0.0
93056207,005930,70100.0,1300126,70100.0,100.0,100.0,50.0,50.0,1.0007486798998748,1.5685769347558742,0.0,0.0,0.0,0.0,-0.14245014245014245,0.0,0.0,0.0,0.0,0.0,0.0,0.0,0.0,0.0,0.0,0,0,0,0,0,0,0,0.0,0.0,0.0,0.0,0.0,0.0,0.0,0.0,0.0,0.0,0.0
93056208,005930,70100.0,1300127,70100.0,100.0,100.0,50.0,50.0,1.0005639166096048,1.5519126054322168,0.0,0.0,0.0,0.0,-0.14245014245014245,0.0,0.0,0.0,0.0,0.0,0.0,0.0,0.0,0.0,0.0,0,0,0,0,0,0,0,0.0,0.0,0.0,0.0,0.0,0.0,0.0,0.0,0.0,0.0,0.0
93056209,005930,70100.0,1300129,70100.0,100.0,100.0,50.0,50.0,1.0003836860227218,1.535903244304879,0.0,0.0,0.0,0.0,-0.14245014245014245,0.0,0.0,0.0,0.0,0.0,0.0,0.0,0.0,0.0,0.0,0,0,0,0,0,0,0,0.0,0.0,0.0,0.0,0.0,0.0,0.0,0.0,0.0,0.0,0.0
93056209,005930,70100.0,1300130,70100.0,100.0,100.0,50.0,50.0,1.0002027515980585,1.520257700224072,0.0,0.0,0.0,0.0,-0.14245014245014245,0.0,0.0,0.0,0.0,0.0,0.0,0.0,0.0,0.0,0.0,0,0,0,0,0,0,0,0.0,0.0,0.0,0.0,0.0,0.0,0.0,0.0,0.0,0.0,0.0
93056210,005930,70100.0,1300131,70100.0,100.0,100.0,50.0,50.0,1.0001815146538175,1.5050849143667069,0.0,0.0,0.0,0.0,-0.14245014245014245,0.0,0.0,0.0,0.0,0.0,0.0,0.0,0.0,0.0,0.0,0,0,0,0,0,0,0,0.0,0.0,0.0,0.0,0.0,0.0,0.0,0.0,0.0,0.0,0.0
93056211,005930,70100.0,1300201,70100.0,100.0,100.0,50.0,50.0,1.0002110503696497,1.4992733251887558,0.0,0.0,0.0,0.0,-0.14245014245014245,0.0,0.0,0.0,0.0,0.0,0.0,0.0,0.0,0.0,0.0,0,0,0,0,0,0,0,0.0,0.0,0.0,0.0,0.0,0.0,0.0,0.0,0.0,0.0,0.0
93056212,005930,70100.0,1300211,70100.0,100.0,100.0,50.0,50.0,1.0001941215591743,1.4859316735525667,0.0,0.0,0.0,0.0,-0.14245014245014245,0.0,0.0,0.0,0.0,0.0,0.0,0.0,0.0,0.0,0.0,0,0,0,0,0,0,0,0.0,0.0,0.0,0.0,0.0,0.0,0.0,0.0,0.0,0.0,0.0
93056212,005930,70100.0,1300246,70100.0,100.0,100.0,50.0,50.0,1.0001998482753125,1.4761838847670143,0.0,0.0,0.0,0.0,-0.14245014245014245,0.0,0.0,0.0,0.0,0.0,0.0,0.0,0.0,0.0,0.0,0,0,0,0,0,0,0,0.0,0.0,0.0,0.0,0.0,0.0,0.0,0.0,0.0,0.0,0.0
93056213,005930,70100.0,1300296,70100.0,100.0,100.0,50.0,50.0,1.0002156897194157,1.468641653875183,0.0,0.0,0.0,0.0,-0.14245014245014245,0.0,0.0,0.0,0.0,0.0,0.0,0.0,0.0,0.0,0.0,0,0,0,0,0,0,0,0.0,0.0,0.0,0.0,0.0,0.0,0.0,0.0,0.0,0.0,0.0
93056214,005930,70100.0,1300301,70100.0,100.0,100.0,50.0,50.0,1.0001979164238863,1.4555914088645323,0.0,0.0,0.0,0.0,-0.14245014245014245,0.0,0.0,0.0,0.0,0.0,0.0,0.0,0.0,0.0,0.0,0,0,0,0,0,0,0,0.0,0.0,0.0,0.0,0.0,0.0,0.0,0.0,0.0,0.0,0.0
93056214,005930,70100.0,1300302,70100.0,100.0,100.0,50.0,50.0,1.000178951992061,1.4423929753554017,0.0,0.0,0.0,0.0,-0.14245014245014245,0.0,0.0,0.0,0.0,0.0,0.0,0.0,0.0,0.0,0.0,0,0,0,0,0,0,0,0.0,0.0,0.0,0.0,0.0,0.0,0.0,0.0,0.0,0.0,0.0
93056215,005930,70100.0,1300710,70100.0,100.0,100.0,50.0,50.0,1.000457536395911,1.4810990841739855,0.0,0.0,0.0,0.0,-0.14245014245014245,0.0,0.0,0.0,0.0,0.0,0.0,0.0,0.0,0.0,0.0,0,0,0,0,0,0,0,0.0,0.0,0.0,0.0,0.0,0.0,0.0,0.0,0.0,0.0,0.0
93056303,005930,70200.0,1300713,70120.0,100.0,100.11409013120365,75.0,58.333333333333336,1.0004252553204793,1.4677584996874111,1300713.0,0.0,0.0,100.0,0.0,0.0,0.0,0.0,0.0,0.0,0.0,0.0,0.0,0.0,0.0,0,0,0,0,0,0,0,0.0,0.0,0.0,0.0,0.0,0.0,0.0,0.0,0.0,0.0,0.0
93056304,005930,70200.0,1300714,70140.0,100.0,100.08554319931567,75.0,66.66666666666667,1.0003933233174582,1.4545314072942734,0.0,0.0,0.0,-100.0,0.0,0.0,0.0,0.0,0.0,0.0,0.0,0.0,0.0,0.0,0.0,0,0,0,0,0,0,0,0.0,0.0,0.0,0.0,0.0,0.0,0.0,0.0,0.0,0.0,0.0
93056304,005930,70200.0,1300715,70160.0,100.0,100.05701254275941,75.0,75.0,1.0003617396156947,1.4416592513588748,0.0,0.0,0.0,0.0,0.0,0.0,0.0,0.0,0.0,0.0,0.0,0.0,0.0,0.0,0.0,0,0,0,0,0,0,0,0.0,0.0,0.0,0.0,0.0,0.0,0.0,0.0,0.0,0.0,0.0
93056305,005930,70200.0,1300716,70180.0,100.0,100.02849814762041,75.0,75.0,1.0003301964224582,1.4291265067370056,0.0,0.0,0.0,0.0,0.0,0.0,0.0,0.0,0.0,0.0,0.0,0.0,0.0,0.0,0.0,0,0,0,0,0,0,0,0.0,0.0,0.0,0.0,0.0,0.0,0.0,0.0,0.0,0.0,0.0
93056306,005930,70200.0,1300717,70200.0,100.0,100.0,75.0,75.0,1.0002987706567994,1.416918583027897,0.0,0.0,0.0,0.0,0.0,0.0,0.0,0.0,0.0,0.0,0.0,0.0,0.0,0.0,0.0,0,0,0,0,0,0,0,0.0,0.0,0.0,0.0,0.0,0.0,0.0,0.0,0.0,0.0,0.0
93056306,005930,70200.0,1300718,70200.0,100.0,100.0,75.0,75.0,1.0002673469139003,1.405021753436584,0.0,0.0,0.0,0.0,0.0,0.0,0.0,0.0,0.0,0.0,0.0,0.0,0.0,0.0,0.0,0,0,0,0,0,0,0,0.0,0.0,0.0,0.0,0.0,0.0,0.0,0.0,0.0,0.0,0.0
93056307,005930,70200.0,1300719,70200.0,100.0,100.0,75.0,75.0,1.000243578477352,1.3934230901429872,0.0,0.0,0.0,0.0,0.0,0.0,0.0,0.0,0.0,0.0,0.0,0.0,0.0,0.0,0.0,0,0,0,0,0,0,0,0.0,0.0,0.0,0.0,0.0,0.0,0.0,0.0,0.0,0.0,0.0
93056308,005930,70200.0,1300720,70200.0,100.0,100.0,75.0,75.0,1.000221387952512,1.3821104054863798,0.0,0.0,0.0,0.0,0.0,0.0,0.0,0.0,0.0,0.0,0.0,0.0,0.0,0.0,0.0,0,0,0,0,0,0,0,0.0,0.0,0.0,0.0,0.0,0.0,0.0,0.0,0.0,0.0,0.0
93056309,005930,70200.0,1300721,70200.0,100.0,100.0,75.0,75.0,1.0001992753574431,1.3710721983561567,0.0,0.0,0.0,0.0,0.0,0.0,0.0,0.0,0.0,0.0,0.0,0.0,0.0,0.0,0.0,0,0,0,0,0,0,0,0.0,0.0,0.0,0.0,0.0,0.0,0.0,0.0,0.0,0.0,0.0
93056309,005930,70200.0,1300722,70200.0,100.0,100.0,75.0,75.0,1.0001771637740682,1.360297605253481,0.0,0.0,0.0,0.0,0.0,0.0,0.0,0.0,0.0,0.0,0.0,0.0,0.0,0.0,0.0,0,0,0,0,0,0,0,0.0,0.0,0.0,0.0,0.0,0.0,0.0,0.0,0.0,0.0,0.0
93056310,005930,70200.0,1300723,70200.0,100.0,100.0,75.0,75.0,1.0001550916544004,1.34977635555002,0.0,0.0,0.0,0.0,0.0,0.0,0.0,0.0,0.0,0.0,0.0,0.0,0.0,0.0,0.0,0,0,0,0,0,0,0,0.0,0.0,0.0,0.0,0.0,0.0,0.0,0.0,0.0,0.0,0.0
93056311,005930,70200.0,1300724,70200.0,100.0,100.0,75.0,75.0,1.0001330205428314,1.339498730524846,0.0,0.0,0.0,0.0,0.0,0.0,0.0,0.0,0.0,0.0,0.0,0.0,0.0,0.0,0.0,0,0,0,0,0,0,0,0.0,0.0,0.0,0.0,0.0,0.0,0.0,0.0,0.0,0.0,0.0
93056395,005930,70200.0,1300725,70200.0,100.0,100.0,75.0,75.0,1.0001109504392922,1.3294555258084966,0.0,0.0,0.0,0.0,0.0,0.0,0.0,0.0,0.0,0.0,0.0,0.0,0.0,0.0,0.0,0,0,0,0,0,0,0,0.0,0.0,0.0,0.0,0.0,0.0,0.0,0.0,0.0,0.0,0.0
93056396,005930,70200.0,1300726,70200.0,100.0,100.0,75.0,75.0,1.0000915341871732,1.3196380169037372,0.0,0.0,0.0,0.0,0.0,0.0,0.0,0.0,0.0,0.0,0.0,0.0,0.0,0.0,0.0,0,0,0,0,0,0,0,0.0,0.0,0.0,0.0,0.0,0.0,0.0,0.0,0.0,0.0,0.0
93056397,005930,70200.0,1300729,70200.0,100.0,100.0,75.0,75.0,1.0000739255509346,1.3102822269326198,0.0,0.0,0.0,0.0,0.0,0.0,0.0,0.0,0.0,0.0,0.0,0.0,0.0,0.0,0.0,0,0,0,0,0,0,0,0.0,0.0,0.0,0.0,0.0,0.0,0.0,0.0,0.0,0.0,0.0
93056398,005930,70200.0,1300730,70200.0,100.0,100.0,75.0,75.0,1.0000560870369326,1.3008877070332554,0.0,0.0,0.0,0.0,0.0,0.0,0.0,0.0,0.0,0.0,0.0,0.0,0.0,0.0,0.0,0,0,0,0,0,0,0,0.0,0.0,0.0,0.0,0.0,0.0,0.0,0.0,0.0,0.0,0.0
93056504,005930,70200.0,1300731,70200.0,100.0,100.0,75.0,75.0,1.0000401328906106,1.2916954160004466,0.0,0.0,0.0,0.0,0.0,0.0,0.0,0.0,0.0,0.0,0.0,0.0,0.0,0.0,0.0,0,0,0,0,0,0,0,0.0,0.0,0.0,0.0,0.0,0.0,0.0,0.0,0.0,0.0,0.0
93056505,005930,70200.0,1300732,70200.0,100.0,100.0,75.0,75.0,1.0000243330448861,1.2826982496899497,0.0,0.0,0.0,0.0,0.0,0.0,0.0,0.0,0.0,0.0,0.0,0.0,0.0,0.0,0.0,0,0,0,0,0,0,0,0.0,0.0,0.0,0.0,0.0,0.0,0.0,0.0,0.0,0.0,0.0
93056505,005930,70100.0,1300857,70180.0,0.0,99.88600740951838,50.0,66.66666666666667,1.0000990983434586,1.2889379490556323,-1300857.0,0.0,0.0,-100.0,-0.14245014245014245,0.0,0.0,0.0,0.0,0.0,0.0,0.0,0.0,0.0,0.0,0,0,0,0,0,0,0,0.0,0.0,0.0,0.0,0.0,0.0,0.0,0.0,0.0,0.0,0.0
93056595,005930,70200.0,1300858,70180.0,49.99999999965,100.02849814762041,75.0,66.66666666666667,1.0000941774865066,1.280078889162921,1300858.0,0.0,0.0,200.0,0.0,0.0,0.0,0.0,0.0,0.0,0.0,0.0,0.0,0.0,0.0,0,0,0,0,0,0,0,0.0,0.0,0.0,0.0,0.0,0.0,0.0,0.0,0.0,0.0,0.0
93056597,005930,70200.0,1300859,70180.0,49.99999999965,100.02849814762041,75.0,66.66666666666667,1.0000893335715562,1.2714029183392392,0.0,0.0,0.0,-100.0,0.0,0.0,0.0,0.0,0.0,0.0,0.0,0.0,0.0,0.0,0.0,0,0,0,0,0,0,0,0.0,0.0,0.0,0.0,0.0,0.0,0.0,0.0,0.0,0.0,0.0
93056905,005930,70200.0,1300860,70180.0,49.99999999965,100.02849814762041,75.0,75.0,1.000084489710975,1.262903861012019,0.0,0.0,0.0,0.0,0.0,0.0,0.0,0.0,0.0,0.0,0.0,0.0,0.0,0.0,0.0,0,0,0,0,0,0,0,0.0,0.0,0.0,0.0,0.0,0.0,0.0,0.0,0.0,0.0,0.0
93057200,005930,70200.0,1300861,70180.0,49.99999999965,100.02849814762041,75.0,75.0,1.000079645904763,1.2545758295543468,0.0,0.0,0.0,0.0,0.14265335235378032,0.0,0.0,0.0,0.0,0.0,0.0,0.0,0.0,0.0,0.0,0,0,0,0,0,0,0,0.0,0.0,0.0,0.0,0.0,0.0,0.0,0.0,0.0,0.0,0.0
93057201,005930,70200.0,1300871,70200.0,49.99999999965,100.0,75.0,75.0,1.0000813751813693,1.247497650575088,0.0,0.0,0.0,0.0,0.14265335235378032,0.0,0.0,0.0,0.0,0.0,0.0,0.0,0.0,0.0,0.0,0,0,0,0,0,0,0,0.0,0.0,0.0,0.0,0.0,0.0,0.0,0.0,0.0,0.0,0.0
93057293,005930,70200.0,1300872,70200.0,49.99999999965,100.0,75.0,75.0,1.0000761854740363,1.239479478567296,0.0,0.0,0.0,0.0,0.14265335235378032,0.0,0.0,0.0,0.0,0.0,0.0,0.0,0.0,0.0,0.0,0,0,0,0,0,0,0,0.0,0.0,0.0,0.0,0.0,0.0,0.0,0.0,0.0,0.0,0.0
93057294,005930,70200.0,1300873,70200.0,49.99999999965,100.0,75.0,75.0,1.0000709958285434,1.2316166933131538,0.0,0.0,0.0,0.0,0.14265335235378032,0.0,0.0,0.0,0.0,0.0,0.0,0.0,0.0,0.0,0.0,0,0,0,0,0,0,0,0.0,0.0,0.0,0.0,0.0,0.0,0.0,0.0,0.0,0.0,0.0
93057295,005930,70200.0,1300874,70200.0,49.99999999965,100.0,75.0,75.0,1.0000658062448897,1.2239043806633128,0.0,0.0,0.0,0.0,0.14265335235378032,0.0,0.0,0.0,0.0,0.0,0.0,0.0,0.0,0.0,0.0,0,0,0,0,0,0,0,0.0,0.0,0.0,0.0,0.0,0.0,0.0,0.0,0.0,0.0,0.0
93057296,005930,70200.0,1300876,70200.0,49.99999999965,100.0,75.0,75.0,1.0000613470426805,1.2164577786165298,0.0,0.0,0.0,0.0,0.14265335235378032,0.0,0.0,0.0,0.0,0.0,0.0,0.0,0.0,0.0,0.0,0,0,0,0,0,0,0,0.0,0.0,0.0,0.0,0.0,0.0,0.0,0.0,0.0,0.0,0.0
93057297,005930,70200.0,1300877,70200.0,49.99999999965,100.0,75.0,75.0,1.000056119138625,1.2090308928457414,0.0,0.0,0.0,0.0,0.14265335235378032,0.0,0.0,0.0,0.0,0.0,0.0,0.0,0.0,0.0,0.0,0,0,0,0,0,0,0,0.0,0.0,0.0,0.0,0.0,0.0,0.0,0.0,0.0,0.0,0.0
93057297,005930,70200.0,1300878,70200.0,49.99999999965,100.0,75.0,75.0,1.0000508912972652,1.2017410259388503,0.0,0.0,0.0,0.0,0.14265335235378032,0.0,0.0,0.0,0.0,0.0,0.0,0.0,0.0,0.0,0.0,0,0,0,0,0,0,0,0.0,0.0,0.0,0.0,0.0,0.0,0.0,0.0,0.0,0.0,0.0
93057298,005930,70200.0,1300881,70200.0,49.99999999965,100.0,75.0,75.0,1.000047124132576,1.194823219546465,0.0,0.0,0.0,0.0,0.14265335235378032,0.0,0.0,0.0,0.0,0.0,0.0,0.0,0.0,0.0,0.0,0,0,0,0,0,0,0,0.0,0.0,0.0,0.0,0.0,0.0,0.0,0.0,0.0,0.0,0.0
93057402,005930,70200.0,1300882,70200.0,49.99999999965,100.0,75.0,75.0,1.0000418195308893,1.1877920891861111,0.0,0.0,0.0,0.0,0.0,0.0,0.0,0.0,0.0,0.0,0.0,0.0,0.0,0.0,0.0,0,0,0,0,0,0,0,0.0,0.0,0.0,0.0,0.0,0.0,0.0,0.0,0.0,0.0,0.0
93057403,005930,70200.0,1300883,70200.0,100.0,100.0,75.0,75.0,1.000036514993633,1.1808861946540727,0.0,0.0,0.0,0.0,0.0,0.0,0.0,0.0,0.0,0.0,0.0,0.0,0.0,0.0,0.0,0,0,0,0,0,0,0,0.0,0.0,0.0,0.0,0.0,0.0,0.0,0.0,0.0,0.0,0.0
93057495,005930,70200.0,1300884,70200.0,100.0,100.0,75.0,75.0,1.0000312105208053,1.1741018972464918,0.0,0.0,0.0,0.0,0.0,0.0,0.0,0.0,0.0,0.0,0.0,0.0,0.0,0.0,0.0,0,0,0,0,0,0,0,0.0,0.0,0.0,0.0,0.0,0.0,0.0,0.0,0.0,0.0,0.0
93057605,005930,70200.0,1300885,70200.0,100.0,100.0,75.0,75.0,1.0000259829871396,1.1674357047149446,0.0,0.0,0.0,0.0,0.0,0.0,0.0,0.0,0.0,0.0,0.0,0.0,0.0,0.0,0.0,0,0,0,0,0,0,0,0.0,0.0,0.0,0.0,0.0,0.0,0.0,0.0,0.0,0.0,0.0
93057698,005930,70200.0,1300886,70200.0,100.0,100.0,75.0,75.0,1.0000207555161629,1.1608842637729495,0.0,0.0,0.0,0.0,0.0,0.0,0.0,0.0,0.0,0.0,0.0,0.0,0.0,0.0,0.0,0,0,0,0,0,0,0,0.0,0.0,0.0,0.0,0.0,0.0,0.0,0.0,0.0,0.0,0.0
93057700,005930,70200.0,1300887,70200.0,100.0,100.0,75.0,75.0,1.000015528107874,1.1544443530660553,0.0,0.0,0.0,0.0,0.0,0.0,0.0,0.0,0.0,0.0,0.0,0.0,0.0,0.0,0.0,0,0,0,0,0,0,0,0.0,0.0,0.0,0.0,0.0,0.0,0.0,0.0,0.0,0.0,0.0
93057793,005930,70200.0,1300888,70200.0,100.0,100.0,75.0,75.0,1.0000103007622718,1.1481128765715267,0.0,0.0,0.0,0.0,0.0,0.0,0.0,0.0,0.0,0.0,0.0,0.0,0.0,0.0,0.0,0,0,0,0,0,0,0,0.0,0.0,0.0,0.0,0.0,0.0,0.0,0.0,0.0,0.0,0.0
93058291,005930,70200.0,1300890,70200.0,100.0,100.0,75.0,75.0,1.0000105697986261,1.1420057193966118,0.0,0.0,0.0,0.0,0.0,0.0,0.0,0.0,0.0,0.0,0.0,0.0,0.0,0.0,0.0,0,0,0,0,0,0,0,0.0,0.0,0.0,0.0,0.0,0.0,0.0,0.0,0.0,0.0,0.0
93058292,005930,70200.0,1300891,70200.0,100.0,100.0,75.0,75.0,1.0000100701226458,1.1358809143029815,0.0,0.0,0.0,0.0,0.0,0.0,0.0,0.0,0.0,0.0,0.0,0.0,0.0,0.0,0.0,0,0,0,0,0,0,0,0.0,0.0,0.0,0.0,0.0,0.0,0.0,0.0,0.0,0.0,0.0
93058293,005930,70200.0,1300893,70200.0,100.0,100.0,75.0,75.0,1.0000103007226802,1.1299747066932264,0.0,0.0,0.0,0.0,0.0,0.0,0.0,0.0,0.0,0.0,0.0,0.0,0.0,0.0,0.0,0,0,0,0,0,0,0,0.0,0.0,0.0,0.0,0.0,0.0,0.0,0.0,0.0,0.0,0.0
93058294,005930,70200.0,1300894,70200.0,100.0,100.0,75.0,75.0,1.0000097626124689,1.124045648166373,0.0,0.0,0.0,0.0,0.0,0.0,0.0,0.0,0.0,0.0,0.0,0.0,0.0,0.0,0.0,0,0,0,0,0,0,0,0.0,0.0,0.0,0.0,0.0,0.0,0.0,0.0,0.0,0.0,0.0
93058294,005930,70200.0,1300895,70200.0,100.0,100.0,75.0,75.0,1.000009224503664,1.1182112827213977,0.0,0.0,0.0,0.0,0.0,0.0,0.0,0.0,0.0,0.0,0.0,0.0,0.0,0.0,0.0,0,0,0,0,0,0,0,0.0,0.0,0.0,0.0,0.0,0.0,0.0,0.0,0.0,0.0,0.0
93058295,005930,70200.0,1300896,70200.0,100.0,100.0,75.0,75.0,1.0000090323178255,1.1124691460015816,0.0,0.0,0.0,0.0,0.0,0.0,0.0,0.0,0.0,0.0,0.0,0.0,0.0,0.0,0.0,0,0,0,0,0,0,0,0.0,0.0,0.0,0.0,0.0,0.0,0.0,0.0,0.0,0.0,0.0
93058296,005930,70200.0,1300897,70200.0,100.0,100.0,75.0,75.0,1.000008840132356,1.106816862624837,0.0,0.0,0.0,0.0,0.0,0.0,0.0,0.0,0.0,0.0,0.0,0.0,0.0,0.0,0.0,0,0,0,0,0,0,0,0.0,0.0,0.0,0.0,0.0,0.0,0.0,0.0,0.0,0.0,0.0
93058297,005930,70200.0,1300899,70200.0,100.0,100.0,75.0,75.0,1.000009378217997,1.101370593572021,0.0,0.0,0.0,0.0,0.0,0.0,0.0,0.0,0.0,0.0,0.0,0.0,0.0,0.0,0.0,0,0,0,0,0,0,0,0.0,0.0,0.0,0.0,0.0,0.0,0.0,0.0,0.0,0.0,0.0
93058297,005930,70200.0,1300900,70200.0,100.0,100.0,75.0,75.0,1.0000091475969377,1.0958899689591846,0.0,0.0,0.0,0.0,0.0,0.0,0.0,0.0,0.0,0.0,0.0,0.0,0.0,0.0,0.0,0,0,0,0,0,0,0,0.0,0.0,0.0,0.0,0.0,0.0,0.0,0.0,0.0,0.0,0.0
93058298,005930,70200.0,1300901,70200.0,100.0,100.0,75.0,75.0,1.0000089554119265,1.090492594127107,0.0,0.0,0.0,0.0,0.0,0.0,0.0,0.0,0.0,0.0,0.0,0.0,0.0,0.0,0.0,0,0,0,0,0,0,0,0.0,0.0,0.0,0.0,0.0,0.0,0.0,0.0,0.0,0.0,0.0
93058299,005930,70200.0,1300902,70200.0,100.0,100.0,75.0,75.0,1.0000087632272843,1.0851764099637513,0.0,0.0,0.0,0.0,0.0,0.0,0.0,0.0,0.0,0.0,0.0,0.0,0.0,0.0,0.0,0,0,0,0,0,0,0,0.0,0.0,0.0,0.0,0.0,0.0,0.0,0.0,0.0,0.0,0.0
93058300,005930,70200.0,1300903,70200.0,100.0,100.0,75.0,75.0,1.0000085710430118,1.079939428060251,0.0,0.0,0.0,0.0,0.0,0.0,0.0,0.0,0.0,0.0,0.0,0.0,0.0,0.0,0.0,0,0,0,0,0,0,0,0.0,0.0,0.0,0.0,0.0,0.0,0.0,0.0,0.0,0.0,0.0
93058399,005930,70200.0,1300904,70200.0,100.0,100.0,75.0,75.0,1.0000084557300255,1.0747797276195654,0.0,0.0,0.0,0.0,0.0,0.0,0.0,0.0,0.0,0.0,0.0,0.0,0.0,0.0,0.0,0,0,0,0,0,0,0,0.0,0.0,0.0,0.0,0.0,0.0,0.0,0.0,0.0,0.0,0.0
93058401,005930,70200.0,1300905,70200.0,100.0,100.0,75.0,75.0,1.000008340417243,1.069695452528656,0.0,0.0,0.0,0.0,0.0,0.0,0.0,0.0,0.0,0.0,0.0,0.0,0.0,0.0,0.0,0,0,0,0,0,0,0,0.0,0.0,0.0,0.0,0.0,0.0,0.0,0.0,0.0,0.0,0.0
93058402,005930,70200.0,1300906,70200.0,100.0,100.0,75.0,75.0,1.0000082251046645,1.0646848085842109,0.0,0.0,0.0,0.0,0.0,0.0,0.0,0.0,0.0,0.0,0.0,0.0,0.0,0.0,0.0,0,0,0,0,0,0,0,0.0,0.0,0.0,0.0,0.0,0.0,0.0,0.0,0.0,0.0,0.0
93058588,005930,70200.0,1300907,70200.0,100.0,100.0,75.0,75.0,1.0000081097922897,1.0597460608623501,0.0,0.0,0.0,0.0,0.0,0.0,0.0,0.0,0.0,0.0,0.0,0.0,0.0,0.0,0.0,0,0,0,0,0,0,0,0.0,0.0,0.0,0.0,0.0,0.0,0.0,0.0,0.0,0.0,0.0
93058589,005930,70200.0,1300908,70200.0,100.0,100.0,75.0,75.0,1.0000079944801188,1.054877531223699,0.0,0.0,0.0,0.0,0.0,0.0,0.0,0.0,0.0,0.0,0.0,0.0,0.0,0.0,0.0,0,0,0,0,0,0,0,0.0,0.0,0.0,0.0,0.0,0.0,0.0,0.0,0.0,0.0,0.0
93058789,005930,70200.0,1300910,70200.0,100.0,100.0,75.0,75.0,1.0000086094321863,1.0501957405326112,0.0,0.0,0.0,0.0,0.0,0.0,0.0,0.0,0.0,0.0,0.0,0.0,0.0,0.0,0.0,0,0,0,0,0,0,0,0.0,0.0,0.0,0.0,0.0,0.0,0.0,0.0,0.0,0.0,0.0
93058991,005930,70200.0,1300911,70200.0,100.0,100.0,75.0,75.0,1.0000084556845261,1.0454617134348587,0.0,0.0,0.0,0.0,0.0,0.0,0.0,0.0,0.0,0.0,0.0,0.0,0.0,0.0,0.0,0,0,0,0,0,0,0,0.0,0.0,0.0,0.0,0.0,0.0,0.0,0.0,0.0,0.0,0.0
93058993,005930,70200.0,1300912,70200.0,100.0,100.0,75.0,75.0,1.0000083019371495,1.0407932104165813,0.0,0.0,0.0,0.0,0.0,0.0,0.0,0.0,0.0,0.0,0.0,0.0,0.0,0.0,0.0,0,0,0,0,0,0,0,0.0,0.0,0.0,0.0,0.0,0.0,0.0,0.0,0.0,0.0,0.0
93058993,005930,70200.0,1300913,70200.0,100.0,100.0,75.0,75.0,1.0000081866252297,1.0361887572746888,0.0,0.0,0.0,0.0,0.0,0.0,0.0,0.0,0.0,0.0,0.0,0.0,0.0,0.0,0.0,0,0,0,0,0,0,0,0.0,0.0,0.0,0.0,0.0,0.0,0.0,0.0,0.0,0.0,0.0
93059191,005930,70200.0,1301065,70200.0,100.0,100.0,75.0,75.0,1.0001183401432403,1.0494774355353365,0.0,0.0,0.0,0.0,0.0,0.0,0.0,0.0,0.0,0.0,0.0,0.0,0.0,0.0,0.0,0,0,0,0,0,0,0,0.0,0.0,0.0,0.0,0.0,0.0,0.0,0.0,0.0,0.0,0.0
93059193,005930,70100.0,1301365,70180.0,0.0,99.88600740951838,50.0,66.66666666666667,1.0003308006286096,1.0801231303753909,-1301365.0,0.0,0.0,-100.0,-0.14245014245014245,0.0,0.0,0.0,0.0,0.0,0.0,0.0,0.0,0.0,0.0,0,0,0,0,0,0,0,0.0,0.0,0.0,0.0,0.0,0.0,0.0,0.0,0.0,0.0,0.0
93059300,005930,70200.0,1301366,70180.0,49.99999999965,100.02849814762041,75.0,66.66666666666667,1.0003134228173733,1.0752109417622577,1301366.0,0.0,0.0,200.0,0.0,0.0,0.0,0.0,0.0,0.0,0.0,0.0,0.0,0.0,0.0,0,0,0,0,0,0,0,0.0,0.0,0.0,0.0,0.0,0.0,0.0,0.0,0.0,0.0,0.0
93059302,005930,70200.0,1301367,70180.0,49.99999999965,100.02849814762041,75.0,66.66666666666667,1.000296045636609,1.0703672291892823,0.0,0.0,0.0,-100.0,0.0,0.0,0.0,0.0,0.0,0.0,0.0,0.0,0.0,0.0,0.0,0,0,0,0,0,0,0,0.0,0.0,0.0,0.0,0.0,0.0,0.0,0.0,0.0,0.0,0.0
93059302,005930,70200.0,1301368,70180.0,49.99999999965,100.02849814762041,75.0,75.0,1.0002786690862826,1.0655904396626923,0.0,0.0,0.0,0.0,0.0,0.0,0.0,0.0,0.0,0.0,0.0,0.0,0.0,0.0,0.0,0,0,0,0,0,0,0,0.0,0.0,0.0,0.0,0.0,0.0,0.0,0.0,0.0,0.0,0.0
93059303,005930,70200.0,1301369,70180.0,49.99999999965,100.02849814762041,75.0,75.0,1.0002612931663593,1.0608790691326346,0.0,0.0,0.0,0.0,0.0,0.0,0.0,0.0,0.0,0.0,0.0,0.0,0.0,0.0,0.0,0,0,0,0,0,0,0,0.0,0.0,0.0,0.0,0.0,0.0,0.0,0.0,0.0,0.0,0.0
93059304,005930,70200.0,1301370,70200.0,49.99999999965,100.0,75.0,75.0,1.0002439563166008,1.0562316605274915,0.0,0.0,0.0,0.0,0.0,0.0,0.0,0.0,0.0,0.0,0.0,0.0,0.0,0.0,0.0,0,0,0,0,0,0,0,0.0,0.0,0.0,0.0,0.0,0.0,0.0,0.0,0.0,0.0,0.0
93059304,005930,70200.0,1301371,70200.0,49.99999999965,100.0,75.0,75.0,1.0002266200944503,1.05164680188353,0.0,0.0,0.0,0.0,0.0,0.0,0.0,0.0,0.0,0.0,0.0,0.0,0.0,0.0,0.0,0,0,0,0,0,0,0,0.0,0.0,0.0,0.0,0.0,0.0,0.0,0.0,0.0,0.0,0.0
93059395,005930,70200.0,1301372,70200.0,49.99999999965,100.0,75.0,75.0,1.0002092844998736,1.047123124565091,0.0,0.0,0.0,0.0,0.0,0.0,0.0,0.0,0.0,0.0,0.0,0.0,0.0,0.0,0.0,0,0,0,0,0,0,0,0.0,0.0,0.0,0.0,0.0,0.0,0.0,0.0,0.0,0.0,0.0
93059502,005930,70200.0,1301374,70200.0,49.99999999965,100.0,75.0,75.0,1.000192679663795,1.0427771202930258,0.0,0.0,0.0,0.0,0.0,0.0,0.0,0.0,0.0,0.0,0.0,0.0,0.0,0.0,0.0,0,0,0,0,0,0,0,0.0,0.0,0.0,0.0,0.0,0.0,0.0,0.0,0.0,0.0,0.0
93059503,005930,70200.0,1301375,70200.0,49.99999999965,100.0,75.0,75.0,1.0001753068773405,1.0383708242305596,0.0,0.0,0.0,0.0,0.0,0.0,0.0,0.0,0.0,0.0,0.0,0.0,0.0,0.0,0.0,0,0,0,0,0,0,0,0.0,0.0,0.0,0.0,0.0,0.0,0.0,0.0,0.0,0.0,0.0
93059505,005930,70200.0,1301376,70200.0,49.99999999965,100.0,75.0,75.0,1.0001579347210838,1.034021866961616,0.0,0.0,0.0,0.0,0.0,0.0,0.0,0.0,0.0,0.0,0.0,0.0,0.0,0.0,0.0,0,0,0,0,0,0,0,0.0,0.0,0.0,0.0,0.0,0.0,0.0,0.0,0.0,0.0,0.0
93059505,005930,70200.0,1301377,70200.0,49.99999999965,100.0,75.0,75.0,1.0001405631949913,1.029729036432075,0.0,0.0,0.0,0.0,0.0,0.0,0.0,0.0,0.0,0.0,0.0,0.0,0.0,0.0,0.0,0,0,0,0,0,0,0,0.0,0.0,0.0,0.0,0.0,0.0,0.0,0.0,0.0,0.0,0.0
93059506,005930,70200.0,1301378,70200.0,49.99999999965,100.0,75.0,75.0,1.0001231922990288,1.0254911562224283,0.0,0.0,0.0,0.0,0.0,0.0,0.0,0.0,0.0,0.0,0.0,0.0,0.0,0.0,0.0,0,0,0,0,0,0,0,0.0,0.0,0.0,0.0,0.0,0.0,0.0,0.0,0.0,0.0,0.0
93059692,005930,70200.0,1301379,70200.0,49.99999999965,100.0,75.0,75.0,1.0001058220331618,1.0213070842116008,0.0,0.0,0.0,0.0,0.0,0.0,0.0,0.0,0.0,0.0,0.0,0.0,0.0,0.0,0.0,0,0,0,0,0,0,0,0.0,0.0,0.0,0.0,0.0,0.0,0.0,0.0,0.0,0.0,0.0
93059895,005930,70100.0,1301451,70180.0,49.99999999965,99.88600740951838,50.0,66.66666666666667,1.0001402861953659,1.0255377099294507,-1301451.0,0.0,0.0,-100.0,-0.14245014245014245,0.0,0.0,0.0,0.0,0.0,0.0,0.0,0.0,0.0,0.0,0,0,0,0,0,0,0,0.0,0.0,0.0,0.0,0.0,0.0,0.0,0.0,0.0,0.0,0.0
93100300,005930,70200.0,1301452,70180.0,49.99999999965,100.02849814762041,75.0,66.66666666666667,1.0001202263390512,1.0213881282249955,1301452.0,0.0,0.0,200.0,0.14265335235378032,0.0,0.0,0.0,0.0,0.0,0.0,0.0,0.0,0.0,0.0,0,0,0,0,0,0,0,0.0,0.0,0.0,0.0,0.0,0.0,0.0,0.0,0.0,0.0,0.0
93100301,005930,70200.0,1301454,70180.0,49.99999999965,100.02849814762041,75.0,66.66666666666667,1.0001008973408363,1.0174081604908163,0.0,0.0,0.0,-100.0,0.14265335235378032,0.0,0.0,0.0,0.0,0.0,0.0,0.0,0.0,0.0,0.0,0,0,0,0,0,0,0,0.0,0.0,0.0,0.0,0.0,0.0,0.0,0.0,0.0,0.0,0.0
93100301,005930,70200.0,1301455,70180.0,49.99999999965,100.02849814762041,75.0,75.0,1.0000808007162716,1.0133602580682037,0.0,0.0,0.0,0.0,0.14265335235378032,0.0,0.0,0.0,0.0,0.0,0.0,0.0,0.0,0.0,0.0,0,0,0,0,0,0,0,0.0,0.0,0.0,0.0,0.0,0.0,0.0,0.0,0.0,0.0,0.0
93100302,005930,70200.0,1301456,70180.0,49.99999999965,100.02849814762041,75.0,75.0,1.0000607049302392,1.0093621501597665,0.0,0.0,0.0,0.0,0.14265335235378032,0.0,0.0,0.0,0.0,0.0,0.0,0.0,0.0,0.0,0.0,0,0,0,0,0,0,0,0.0,0.0,0.0,0.0,0.0,0.0,0.0,0.0,0.0,0.0,0.0
93100303,005930,70200.0,1301457,70200.0,49.99999999965,100.0,75.0,75.0,1.0000464116780388,1.0054128431195193,0.0,0.0,0.0,0.0,0.14265335235378032,0.0,0.0,0.0,0.0,0.0,0.0,0.0,0.0,0.0,0.0,0,0,0,0,0,0,0,0.0,0.0,0.0,0.0,0.0,0.0,0.0,0.0,0.0,0.0,0.0
93100304,005930,70200.0,1301461,70200.0,49.99999999965,100.0,75.0,75.0,1.0000457967849121,1.0018646992205806,0.0,0.0,0.0,0.0,0.14265335235378032,0.0,0.0,0.0,0.0,0.0,0.0,0.0,0.0,0.0,0.0,0,0,0,0,0,0,0,0.0,0.0,0.0,0.0,0.0,0.0,0.0,0.0,0.0,0.0,0.0
93100305,005930,70200.0,1301462,70200.0,49.99999999965,100.0,75.0,75.0,1.0000428766975291,0.998007324354192,0.0,0.0,0.0,0.0,0.14265335235378032,0.0,0.0,0.0,0.0,0.0,0.0,0.0,0.0,0.0,0.0,0,0,0,0,0,0,0,0.0,0.0,0.0,0.0,0.0,0.0,0.0,0.0,0.0,0.0,0.0
93100502,005930,70200.0,1301463,70200.0,49.99999999965,100.0,75.0,75.0,1.0000399566316867,0.9941959798739052,0.0,0.0,0.0,0.0,0.14265335235378032,0.0,0.0,0.0,0.0,0.0,0.0,0.0,0.0,0.0,0.0,0,0,0,0,0,0,0,0.0,0.0,0.0,0.0,0.0,0.0,0.0,0.0,0.0,0.0,0.0
93100503,005930,70200.0,1301464,70200.0,49.99999999965,100.0,75.0,75.0,1.0000370365873843,0.9904297755639647,0.0,0.0,0.0,0.0,0.14265335235378032,0.0,0.0,0.0,0.0,0.0,0.0,0.0,0.0,0.0,0.0,0,0,0,0,0,0,0,0.0,0.0,0.0,0.0,0.0,0.0,0.0,0.0,0.0,0.0,0.0
93100690,005930,70200.0,1301465,70200.0,49.99999999965,100.0,75.0,75.0,1.0000341165646216,0.9867078451796483,0.0,0.0,0.0,0.0,0.14265335235378032,0.0,0.0,0.0,0.0,0.0,0.0,0.0,0.0,0.0,0.0,0,0,0,0,0,0,0,0.0,0.0,0.0,0.0,0.0,0.0,0.0,0.0,0.0,0.0,0.0
93101186,005930,70200.0,1301466,70200.0,49.99999999965,100.0,75.0,75.0,1.000031196563399,0.983029345623539,0.0,0.0,0.0,0.0,0.14265335235378032,0.0,0.0,0.0,0.0,0.0,0.0,0.0,0.0,0.0,0.0,0,0,0,0,0,0,0,0.0,0.0,0.0,0.0,0.0,0.0,0.0,0.0,0.0,0.0,0.0
93101498,005930,70200.0,1301467,70200.0,49.99999999965,100.0,75.0,75.0,1.0000282765837154,0.9793934561561166,0.0,0.0,0.0,0.0,0.0,0.0,0.0,0.0,0.0,0.0,0.0,0.0,0.0,0.0,0.0,0,0,0,0,0,0,0,0.0,0.0,0.0,0.0,0.0,0.0,0.0,0.0,0.0,0.0,0.0
93101499,005930,70200.0,1301468,70200.0,49.99999999965,100.0,75.0,75.0,1.000025356625571,0.9757993776390035,0.0,0.0,0.0,0.0,0.0,0.0,0.0,0.0,0.0,0.0,0.0,0.0,0.0,0.0,0.0,0,0,0,0,0,0,0,0.0,0.0,0.0,0.0,0.0,0.0,0.0,0.0,0.0,0.0,0.0
93101500,005930,70200.0,1301469,70200.0,100.0,100.0,75.0,75.0,1.000022475108817,0.9722463318094066,0.0,0.0,0.0,0.0,0.0,0.0,0.0,0.0,0.0,0.0,0.0,0.0,0.0,0.0,0.0,0,0,0,0,0,0,0,0.0,0.0,0.0,0.0,0.0,0.0,0.0,0.0,0.0,0.0,0.0
93101902,005930,70200.0,1301470,70200.0,100.0,100.0,75.0,75.0,1.000019593613097,0.968733560583881,0.0,0.0,0.0,0.0,0.0,0.0,0.0,0.0,0.0,0.0,0.0,0.0,0.0,0.0,0.0,0,0,0,0,0,0,0,0.0,0.0,0.0,0.0,0.0,0.0,0.0,0.0,0.0,0.0,0.0
93101903,005930,70200.0,1301471,70200.0,100.0,100.0,75.0,75.0,1.0000167121384103,0.9652603253904556,0.0,0.0,0.0,0.0,0.0,0.0,0.0,0.0,0.0,0.0,0.0,0.0,0.0,0.0,0.0,0,0,0,0,0,0,0,0.0,0.0,0.0,0.0,0.0,0.0,0.0,0.0,0.0,0.0,0.0
93102199,005930,70200.0,1301478,70200.0,100.0,100.0,75.0,75.0,1.0000182103973991,0.9625335618725773,0.0,0.0,0.0,0.0,0.0,0.0,0.0,0.0,0.0,0.0,0.0,0.0,0.0,0.0,0.0,0,0,0,0,0,0,0,0.0,0.0,0.0,0.0,0.0,0.0,0.0,0.0,0.0,0.0,0.0
93102309,005930,70100.0,1301487,70180.0,0.0,99.88600740951838,50.0,66.66666666666667,1.0000209380274727,0.960075916837342,-1301487.0,0.0,0.0,-100.0,-0.14245014245014245,0.0,0.0,0.0,0.0,0.0,0.0,0.0,0.0,0.0,0.0,0,0,0,0,0,0,0,0.0,0.0,0.0,0.0,0.0,0.0,0.0,0.0,0.0,0.0,0.0
93102388,005930,70200.0,1301492,70180.0,49.99999999965,100.02849814762041,75.0,66.66666666666667,1.0000204384995561,0.9571773200840851,1301492.0,0.0,0.0,200.0,0.0,0.0,0.0,0.0,0.0,0.0,0.0,0.0,0.0,0.0,0.0,0,0,0,0,0,0,0,0.0,0.0,0.0,0.0,0.0,0.0,0.0,0.0,0.0,0.0,0.0
93102497,005930,70200.0,1301493,70180.0,49.99999999965,100.02849814762041,75.0,66.66666666666667,1.0000195932668314,0.9538403951736677,0.0,0.0,0.0,-100.0,0.0,0.0,0.0,0.0,0.0,0.0,0.0,0.0,0.0,0.0,0.0,0,0,0,0,0,0,0,0.0,0.0,0.0,0.0,0.0,0.0,0.0,0.0,0.0,0.0,0.0
93102498,005930,70200.0,1301494,70180.0,49.99999999965,100.02849814762041,75.0,75.0,1.0000187480368345,0.9505398171087674,0.0,0.0,0.0,0.0,0.0,0.0,0.0,0.0,0.0,0.0,0.0,0.0,0.0,0.0,0.0,0,0,0,0,0,0,0,0.0,0.0,0.0,0.0,0.0,0.0,0.0,0.0,0.0,0.0,0.0
93102604,005930,70200.0,1301495,70180.0,49.99999999965,100.02849814762041,75.0,75.0,1.0000179412283012,0.9472749463508527,0.0,0.0,0.0,0.0,0.0,0.0,0.0,0.0,0.0,0.0,0.0,0.0,0.0,0.0,0.0,0,0,0,0,0,0,0,0.0,0.0,0.0,0.0,0.0,0.0,0.0,0.0,0.0,0.0,0.0
93102698,005930,70200.0,1301496,70200.0,49.99999999965,100.0,75.0,75.0,1.0000171344223092,0.9440451590474503,0.0,0.0,0.0,0.0,0.0,0.0,0.0,0.0,0.0,0.0,0.0,0.0,0.0,0.0,0.0,0,0,0,0,0,0,0,0.0,0.0,0.0,0.0,0.0,0.0,0.0,0.0,0.0,0.0,0.0
93102899,005930,70200.0,1301498,70200.0,49.99999999965,100.0,75.0,75.0,1.0000170575588112,0.9409679743940147,0.0,0.0,0.0,0.0,0.0,0.0,0.0,0.0,0.0,0.0,0.0,0.0,0.0,0.0,0.0,0,0,0,0,0,0,0,0.0,0.0,0.0,0.0,0.0,0.0,0.0,0.0,0.0,0.0,0.0
93102900,005930,70200.0,1301499,70200.0,49.99999999965,100.0,75.0,75.0,1.0000162123382963,0.937805746041981,0.0,0.0,0.0,0.0,0.0,0.0,0.0,0.0,0.0,0.0,0.0,0.0,0.0,0.0,0.0,0,0,0,0,0,0,0,0.0,0.0,0.0,0.0,0.0,0.0,0.0,0.0,0.0,0.0,0.0
93103194,005930,70100.0,1301512,70180.0,33.33333333317778,99.88600740951838,50.0,66.66666666666667,1.000024241624221,0.9360951220594881,-1301512.0,0.0,0.0,-100.0,-0.14245014245014245,0.0,0.0,0.0,0.0,0.0,0.0,0.0,0.0,0.0,0.0,0,0,0,0,0,0,0,0.0,0.0,0.0,0.0,0.0,0.0,0.0,0.0,0.0,0.0,0.0
93103196,005930,70200.0,1301513,70180.0,49.999999999825,100.02849814762041,75.0,66.66666666666667,1.0000230506276302,0.9329895388184404,1301513.0,0.0,0.0,200.0,0.0,0.0,0.0,0.0,0.0,0.0,0.0,0.0,0.0,0.0,0.0,0,0,0,0,0,0,0,0.0,0.0,0.0,0.0,0.0,0.0,0.0,0.0,0.0,0.0,0.0
93103288,005930,70200.0,1301514,70180.0,49.999999999825,100.02849814762041,75.0,66.66666666666667,1.0000218596357062,0.9299162904621137,0.0,0.0,0.0,-100.0,0.0,0.0,0.0,0.0,0.0,0.0,0.0,0.0,0.0,0.0,0.0,0,0,0,0,0,0,0,0.0,0.0,0.0,0.0,0.0,0.0,0.0,0.0,0.0,0.0,0.0
93103290,005930,70200.0,1301515,70180.0,49.999999999825,100.02849814762041,75.0,75.0,1.0000206686484494,0.9268748341832744,0.0,0.0,0.0,0.0,0.0,0.0,0.0,0.0,0.0,0.0,0.0,0.0,0.0,0.0,0.0,0,0,0,0,0,0,0,0.0,0.0,0.0,0.0,0.0,0.0,0.0,0.0,0.0,0.0,0.0
93103291,005930,70200.0,1301516,70180.0,49.999999999825,100.02849814762041,75.0,75.0,1.0000194776658595,0.9238646398841547,0.0,0.0,0.0,0.0,0.0,0.0,0.0,0.0,0.0,0.0,0.0,0.0,0.0,0.0,0.0,0,0,0,0,0,0,0,0.0,0.0,0.0,0.0,0.0,0.0,0.0,0.0,0.0,0.0,0.0
93103900,005930,70200.0,1301517,70200.0,49.999999999825,100.0,75.0,75.0,1.0000182866879366,0.9208851897960286,0.0,0.0,0.0,0.0,0.0,0.0,0.0,0.0,0.0,0.0,0.0,0.0,0.0,0.0,0.0,0,0,0,0,0,0,0,0.0,0.0,0.0,0.0,0.0,0.0,0.0,0.0,0.0,0.0,0.0
93103901,005930,70200.0,1301518,70200.0,66.66666666635555,100.0,75.0,75.0,1.0000170957146806,0.9179359781131041,0.0,0.0,0.0,0.0,0.0,0.0,0.0,0.0,0.0,0.0,0.0,0.0,0.0,0.0,0.0,0,0,0,0,0,0,0,0.0,0.0,0.0,0.0,0.0,0.0,0.0,0.0,0.0,0.0,0.0
93103901,005930,70200.0,1301519,70200.0,49.99999999965,100.0,75.0,75.0,1.0000159047460915,0.915016510639228,0.0,0.0,0.0,0.0,0.0,0.0,0.0,0.0,0.0,0.0,0.0,0.0,0.0,0.0,0.0,0,0,0,0,0,0,0,0.0,0.0,0.0,0.0,0.0,0.0,0.0,0.0,0.0,0.0,0.0
93103993,005930,70200.0,1301520,70200.0,49.99999999965,100.0,75.0,75.0,1.000014713782169,0.9121263044474175,0.0,0.0,0.0,0.0,0.0,0.0,0.0,0.0,0.0,0.0,0.0,0.0,0.0,0.0,0.0,0,0,0,0,0,0,0,0.0,0.0,0.0,0.0,0.0,0.0,0.0,0.0,0.0,0.0,0.0
93104292,005930,70200.0,1301523,70200.0,49.99999999965,100.0,75.0,75.0,1.0000149826719635,0.9095019376994763,0.0,0.0,0.0,0.0,0.0,0.0,0.0,0.0,0.0,0.0,0.0,0.0,0.0,0.0,0.0,0,0,0,0,0,0,0,0.0,0.0,0.0,0.0,0.0,0.0,0.0,0.0,0.0,0.0,0.0
93104990,005930,70100.0,1301675,70180.0,33.33333333317778,99.88600740951838,50.0,66.66666666666667,1.0001239326178435,0.9245694204000778,-1301675.0,0.0,0.0,-100.0,-0.14245014245014245,0.0,0.0,0.0,0.0,0.0,0.0,0.0,0.0,0.0,0.0,0,0,0,0,0,0,0,0.0,0.0,0.0,0.0,0.0,0.0,0.0,0.0,0.0,0.0,0.0
93105100,005930,70200.0,1301914,70180.0,49.999999999825,100.02849814762041,75.0,66.66666666666667,1.0002908103543853,0.9498701739021619,1301914.0,0.0,0.0,200.0,0.0,0.0,0.0,0.0,0.0,0.0,0.0,0.0,0.0,0.0,0.0,0,0,0,0,0,0,0,0.0,0.0,0.0,0.0,0.0,0.0,0.0,0.0,0.0,0.0,0.0
93105288,005930,70200.0,1301915,70180.0,49.999999999825,100.02849814762041,75.0,66.66666666666667,1.0002751320361023,0.9468011544104622,0.0,0.0,0.0,-100.0,0.0,0.0,0.0,0.0,0.0,0.0,0.0,0.0,0.0,0.0,0.0,0,0,0,0,0,0,0,0.0,0.0,0.0,0.0,0.0,0.0,0.0,0.0,0.0,0.0,0.0
93105290,005930,70200.0,1301916,70180.0,49.999999999825,100.02849814762041,75.0,75.0,1.0002596079328623,0.9437632723994762,0.0,0.0,0.0,0.0,0.0,0.0,0.0,0.0,0.0,0.0,0.0,0.0,0.0,0.0,0.0,0,0,0,0,0,0,0,0.0,0.0,0.0,0.0,0.0,0.0,0.0,0.0,0.0,0.0,0.0
93105291,005930,70200.0,1301917,70180.0,66.66666666635555,100.02849814762041,75.0,75.0,1.000244084335325,0.9407560184763458,0.0,0.0,0.0,0.0,0.0,0.0,0.0,0.0,0.0,0.0,0.0,0.0,0.0,0.0,0.0,0,0,0,0,0,0,0,0.0,0.0,0.0,0.0,0.0,0.0,0.0,0.0,0.0,0.0,0.0
93105398,005930,70200.0,1301920,70200.0,49.99999999965,100.0,75.0,75.0,1.0002300209446593,0.9380162158855043,0.0,0.0,0.0,0.0,0.0,0.0,0.0,0.0,0.0,0.0,0.0,0.0,0.0,0.0,0.0,0,0,0,0,0,0,0,0.0,0.0,0.0,0.0,0.0,0.0,0.0,0.0,0.0,0.0,0.0
93106300,005930,70200.0,1301924,70200.0,49.99999999965,100.0,75.0,75.0,1.0002166110106845,0.9354233087907329,0.0,0.0,0.0,0.0,0.0,0.0,0.0,0.0,0.0,0.0,0.0,0.0,0.0,0.0,0.0,0,0,0,0,0,0,0,0.0,0.0,0.0,0.0,0.0,0.0,0.0,0.0,0.0,0.0,0.0
93106300,005930,70200.0,1301925,70200.0,49.99999999965,100.0,75.0,75.0,1.0002008967755491,0.9325012869332887,0.0,0.0,0.0,0.0,0.0,0.0,0.0,0.0,0.0,0.0,0.0,0.0,0.0,0.0,0.0,0,0,0,0,0,0,0,0.0,0.0,0.0,0.0,0.0,0.0,0.0,0.0,0.0,0.0,0.0
93106799,005930,70200.0,1301926,70200.0,49.99999999965,100.0,75.0,75.0,1.0001852214771794,0.9296080207469398,0.0,0.0,0.0,0.0,0.0,0.0,0.0,0.0,0.0,0.0,0.0,0.0,0.0,0.0,0.0,0,0,0,0,0,0,0,0.0,0.0,0.0,0.0,0.0,0.0,0.0,0.0,0.0,0.0,0.0
93106893,005930,70200.0,1301930,70200.0,49.99999999965,100.0,75.0,75.0,1.0001717361083984,0.9270994157576558,0.0,0.0,0.0,0.0,0.0,0.0,0.0,0.0,0.0,0.0,0.0,0.0,0.0,0.0,0.0,0,0,0,0,0,0,0,0.0,0.0,0.0,0.0,0.0,0.0,0.0,0.0,0.0,0.0,0.0
93106894,005930,70200.0,1302130,70200.0,49.99999999965,100.0,75.0,75.0,1.000301635349097,0.947902774163542,0.0,0.0,0.0,0.0,0.0,0.0,0.0,0.0,0.0,0.0,0.0,0.0,0.0,0.0,0.0,0,0,0,0,0,0,0,0.0,0.0,0.0,0.0,0.0,0.0,0.0,0.0,0.0,0.0,0.0
93107298,005930,70200.0,1302131,70200.0,49.99999999965,100.0,75.0,75.0,1.0002786594311237,0.9449445253075801,0.0,0.0,0.0,0.0,0.0,0.0,0.0,0.0,0.0,0.0,0.0,0.0,0.0,0.0,0.0,0,0,0,0,0,0,0,0.0,0.0,0.0,0.0,0.0,0.0,0.0,0.0,0.0,0.0,0.0
93107594,005930,70200.0,1302133,70200.0,49.99999999965,100.0,75.0,75.0,1.0002564143533044,0.9421341804937892,0.0,0.0,0.0,0.0,0.0,0.0,0.0,0.0,0.0,0.0,0.0,0.0,0.0,0.0,0.0,0,0,0,0,0,0,0,0.0,0.0,0.0,0.0,0.0,0.0,0.0,0.0,0.0,0.0,0.0
93107687,005930,70100.0,1302138,70180.0,33.33333333317778,99.88600740951838,50.0,66.66666666666667,1.000236321115113,0.9397083472138937,-1302138.0,0.0,0.0,-100.0,-0.14245014245014245,0.0,0.0,0.0,0.0,0.0,0.0,0.0,0.0,0.0,0.0,0,0,0,0,0,0,0,0.0,0.0,0.0,0.0,0.0,0.0,0.0,0.0,0.0,0.0,0.0
93107892,005930,70200.0,1302139,70180.0,66.66666666635555,100.02849814762041,75.0,66.66666666666667,1.0002131563150152,0.9368322432485681,1302139.0,0.0,0.0,200.0,0.0,0.0,0.0,0.0,0.0,0.0,0.0,0.0,0.0,0.0,0.0,0,0,0,0,0,0,0,0.0,0.0,0.0,0.0,0.0,0.0,0.0,0.0,0.0,0.0,0.0
93108001,005930,70200.0,1302140,70180.0,49.99999999965,100.02849814762041,75.0,66.66666666666667,1.000189992623432,0.9339838976305782,0.0,0.0,0.0,-100.0,0.0,0.0,0.0,0.0,0.0,0.0,0.0,0.0,0.0,0.0,0.0,0,0,0,0,0,0,0,0.0,0.0,0.0,0.0,0.0,0.0,0.0,0.0,0.0,0.0,0.0
93108002,005930,70200.0,1302141,70180.0,49.99999999965,100.02849814762041,75.0,75.0,1.0001668300402835,0.9311628791108527,0.0,0.0,0.0,0.0,0.0,0.0,0.0,0.0,0.0,0.0,0.0,0.0,0.0,0.0,0.0,0,0,0,0,0,0,0,0.0,0.0,0.0,0.0,0.0,0.0,0.0,0.0,0.0,0.0,0.0
93108297,005930,70200.0,1302142,70180.0,49.99999999965,100.02849814762041,75.0,75.0,1.0001436685654908,0.9283687657918179,0.0,0.0,0.0,0.0,0.0,0.0,0.0,0.0,0.0,0.0,0.0,0.0,0.0,0.0,0.0,0,0,0,0,0,0,0,0.0,0.0,0.0,0.0,0.0,0.0,0.0,0.0,0.0,0.0,0.0
93108795,005930,70100.0,1302242,70180.0,33.33333333317778,99.88600740951838,50.0,66.66666666666667,1.0001927432604087,0.9373842929236843,-1302242.0,0.0,0.0,-100.0,0.0,0.0,0.0,0.0,0.0,0.0,0.0,0.0,0.0,0.0,0.0,0,0,0,0,0,0,0,0.0,0.0,0.0,0.0,0.0,0.0,0.0,0.0,0.0,0.0,0.0
93108796,005930,70100.0,1302243,70160.0,33.33333333317778,99.9144811858609,50.0,58.333333333333336,1.0001658567692584,0.9345722365900607,0.0,0.0,0.0,100.0,0.0,0.0,0.0,0.0,0.0,0.0,0.0,0.0,0.0,0.0,0.0,0,0,0,0,0,0,0,0.0,0.0,0.0,0.0,0.0,0.0,0.0,0.0,0.0,0.0,0.0
93108904,005930,70100.0,1302246,70140.0,33.33333333317778,99.94297120045623,50.0,50.0,1.0001462303145887,0.9320249705818872,0.0,0.0,0.0,0.0,-0.14245014245014245,0.0,0.0,0.0,0.0,0.0,0.0,0.0,0.0,0.0,0.0,0,0,0,0,0,0,0,0.0,0.0,0.0,0.0,0.0,0.0,0.0,0.0,0.0,0.0,0.0
93108995,005930,70100.0,1302254,70120.0,33.33333333317778,99.9714774671991,50.0,50.0,1.0001393163484125,0.9300981072191971,0.0,0.0,0.0,0.0,-0.14245014245014245,0.0,0.0,0.0,0.0,0.0,0.0,0.0,0.0,0.0,0.0,0,0,0,0,0,0,0,0.0,0.0,0.0,0.0,0.0,0.0,0.0,0.0,0.0,0.0,0.0
93109293,005930,70200.0,1302255,70120.0,49.999999999825,100.11409013120365,75.0,58.333333333333336,1.0001270265886464,0.9273584417170546,1302255.0,0.0,0.0,100.0,0.0,0.0,0.0,0.0,0.0,0.0,0.0,0.0,0.0,0.0,0.0,0,0,0,0,0,0,0,0.0,0.0,0.0,0.0,0.0,0.0,0.0,0.0,0.0,0.0,0.0
93109497,005930,70200.0,1302256,70140.0,49.999999999825,100.08554319931567,75.0,66.66666666666667,1.0001147371497847,0.9246443094935785,0.0,0.0,0.0,-100.0,0.0,0.0,0.0,0.0,0.0,0.0,0.0,0.0,0.0,0.0,0.0,0,0,0,0,0,0,0,0.0,0.0,0.0,0.0,0.0,0.0,0.0,0.0,0.0,0.0,0.0
93109498,005930,70200.0,1302346,70160.0,49.999999999825,100.05701254275941,75.0,75.0,1.000167379851774,0.9325637217498771,0.0,0.0,0.0,0.0,0.0,0.0,0.0,0.0,0.0,0.0,0.0,0.0,0.0,0.0,0.0,0,0,0,0,0,0,0,0.0,0.0,0.0,0.0,0.0,0.0,0.0,0.0,0.0,0.0,0.0
93109590,005930,70200.0,1302347,70180.0,49.999999999825,100.02849814762041,75.0,75.0,1.0001517491003722,0.9298376702071703,0.0,0.0,0.0,0.0,0.0,0.0,0.0,0.0,0.0,0.0,0.0,0.0,0.0,0.0,0.0,0,0,0,0,0,0,0,0.0,0.0,0.0,0.0,0.0,0.0,0.0,0.0,0.0,0.0,0.0
93109591,005930,70200.0,1302348,70200.0,49.999999999825,100.0,75.0,75.0,1.0001362340694837,0.9271368395332765,0.0,0.0,0.0,0.0,0.0,0.0,0.0,0.0,0.0,0.0,0.0,0.0,0.0,0.0,0.0,0,0,0,0,0,0,0,0.0,0.0,0.0,0.0,0.0,0.0,0.0,0.0,0.0,0.0,0.0
93109699,005930,70100.0,1302349,70180.0,49.999999999825,99.88600740951838,50.0,66.66666666666667,1.0001207195437722,0.9244608546892186,-1302349.0,0.0,0.0,-100.0,-0.14245014245014245,0.0,0.0,0.0,0.0,0.0,0.0,0.0,0.0,0.0,0.0,0,0,0,0,0,0,0,0.0,0.0,0.0,0.0,0.0,0.0,0.0,0.0,0.0,0.0,0.0
93109700,005930,70100.0,1302350,70160.0,33.33333333317778,99.9144811858609,50.0,58.333333333333336,1.0001052055232131,0.9218093484236793,0.0,0.0,0.0,100.0,-0.14245014245014245,0.0,0.0,0.0,0.0,0.0,0.0,0.0,0.0,0.0,0.0,0,0,0,0,0,0,0,0.0,0.0,0.0,0.0,0.0,0.0,0.0,0.0,0.0,0.0,0.0
93109701,005930,70100.0,1302351,70140.0,33.33333333317778,99.94297120045623,50.0,50.0,1.0000898072047801,0.9191819610663184,0.0,0.0,0.0,0.0,-0.14245014245014245,0.0,0.0,0.0,0.0,0.0,0.0,0.0,0.0,0.0,0.0,0,0,0,0,0,0,0,0.0,0.0,0.0,0.0,0.0,0.0,0.0,0.0,0.0,0.0,0.0
93109793,005930,70200.0,1302352,70140.0,49.999999999825,100.08554319931567,75.0,58.333333333333336,1.000082050603145,0.9165783403275563,1302352.0,0.0,0.0,100.0,0.0,0.0,0.0,0.0,0.0,0.0,0.0,0.0,0.0,0.0,0.0,0,0,0,0,0,0,0,0.0,0.0,0.0,0.0,0.0,0.0,0.0,0.0,0.0,0.0,0.0
93109901,005930,70100.0,1302353,70120.0,39.999999999888004,99.9714774671991,50.0,58.333333333333336,1.000074294133739,0.9139981411050311,-1302353.0,0.0,0.0,-200.0,0.0,0.0,0.0,0.0,0.0,0.0,0.0,0.0,0.0,0.0,0.0,0,0,0,0,0,0,0,0.0,0.0,0.0,0.0,0.0,0.0,0.0,0.0,0.0,0.0,0.0
93109902,005930,70100.0,1302354,70120.0,49.999999999825,99.9714774671991,50.0,58.333333333333336,1.0000665761936893,0.9114410252960353,0.0,0.0,0.0,100.0,0.0,0.0,0.0,0.0,0.0,0.0,0.0,0.0,0.0,0.0,0.0,0,0,0,0,0,0,0,0.0,0.0,0.0,0.0,0.0,0.0,0.0,0.0,0.0,0.0,0.0
93109993,005930,70100.0,1302495,70120.0,49.999999999825,99.9714774671991,50.0,50.0,1.0001611398241008,0.9256342595335578,0.0,0.0,0.0,0.0,0.0,0.0,0.0,0.0,0.0,0.0,0.0,0.0,0.0,0.0,0.0,0,0,0,0,0,0,0,0.0,0.0,0.0,0.0,0.0,0.0,0.0,0.0,0.0,0.0,0.0
93109995,005930,70100.0,1302504,70120.0,49.999999999825,99.9714774671991,50.0,50.0,1.0001540347663993,0.9239850757315814,0.0,0.0,0.0,0.0,0.0,0.0,0.0,0.0,0.0,0.0,0.0,0.0,0.0,0.0,0.0,0,0,0,0,0,0,0,0.0,0.0,0.0,0.0,0.0,0.0,0.0,0.0,0.0,0.0,0.0
93110305,005930,70200.0,1302505,70120.0,59.999999999832,100.11409013120365,75.0,58.333333333333336,1.0001407870321437,0.921397766939566,1302505.0,0.0,0.0,100.0,0.0,0.0,0.0,0.0,0.0,0.0,0.0,0.0,0.0,0.0,0.0,0,0,0,0,0,0,0,0.0,0.0,0.0,0.0,0.0,0.0,0.0,0.0,0.0,0.0,0.0
93110398,005930,70200.0,1302506,70140.0,49.999999999825,100.08554319931567,75.0,66.66666666666667,1.0001275396691756,0.9188334754786506,0.0,0.0,0.0,-100.0,0.0,0.0,0.0,0.0,0.0,0.0,0.0,0.0,0.0,0.0,0.0,0,0,0,0,0,0,0,0.0,0.0,0.0,0.0,0.0,0.0,0.0,0.0,0.0,0.0,0.0
93110491,005930,70200.0,1302507,70160.0,49.999999999825,100.05701254275941,75.0,75.0,1.000114292677479,0.9162918727704386,0.0,0.0,0.0,0.0,0.0,0.0,0.0,0.0,0.0,0.0,0.0,0.0,0.0,0.0,0.0,0,0,0,0,0,0,0,0.0,0.0,0.0,0.0,0.0,0.0,0.0,0.0,0.0,0.0,0.0
93110601,005930,70200.0,1302508,70180.0,49.999999999825,100.02849814762041,75.0,75.0,1.0001048472000826,0.913772636789531,0.0,0.0,0.0,0.0,0.0,0.0,0.0,0.0,0.0,0.0,0.0,0.0,0.0,0.0,0.0,0,0,0,0,0,0,0,0.0,0.0,0.0,0.0,0.0,0.0,0.0,0.0,0.0,0.0,0.0
93110694,005930,70200.0,1302512,70200.0,49.999999999825,100.0,75.0,75.0,1.000097590197798,0.9116344710473626,0.0,0.0,0.0,0.0,0.0,0.0,0.0,0.0,0.0,0.0,0.0,0.0,0.0,0.0,0.0,0,0,0,0,0,0,0,0.0,0.0,0.0,0.0,0.0,0.0,0.0,0.0,0.0,0.0,0.0
93110695,005930,70200.0,1302513,70200.0,49.999999999825,100.0,75.0,75.0,1.0000881066908682,0.9091570806262695,0.0,0.0,0.0,0.0,0.0,0.0,0.0,0.0,0.0,0.0,0.0,0.0,0.0,0.0,0.0,0,0,0,0,0,0,0,0.0,0.0,0.0,0.0,0.0,0.0,0.0,0.0,0.0,0.0,0.0
93110789,005930,70200.0,1302514,70200.0,66.66666666635555,100.0,75.0,75.0,1.0000788921318056,0.9067011524014758,0.0,0.0,0.0,0.0,0.14265335235378032,0.0,0.0,0.0,0.0,0.0,0.0,0.0,0.0,0.0,0.0,0,0,0,0,0,0,0,0.0,0.0,0.0,0.0,0.0,0.0,0.0,0.0,0.0,0.0,0.0
93111101,005930,70200.0,1302515,70200.0,66.66666666635555,100.0,75.0,75.0,1.000069677756691,0.9042663884999994,0.0,0.0,0.0,0.0,0.14265335235378032,0.0,0.0,0.0,0.0,0.0,0.0,0.0,0.0,0.0,0.0,0,0,0,0,0,0,0,0.0,0.0,0.0,0.0,0.0,0.0,0.0,0.0,0.0,0.0,0.0
93111102,005930,70200.0,1302516,70200.0,66.66666666635555,100.0,75.0,75.0,1.0000604635655193,0.9018524968266726,0.0,0.0,0.0,0.0,0.14265335235378032,0.0,0.0,0.0,0.0,0.0,0.0,0.0,0.0,0.0,0.0,0,0,0,0,0,0,0,0.0,0.0,0.0,0.0,0.0,0.0,0.0,0.0,0.0,0.0,0.0
93111195,005930,70100.0,1302523,70180.0,33.33333333317778,99.88600740951838,50.0,66.66666666666667,1.0000590427504064,0.9001783408390555,-1302523.0,0.0,0.0,-100.0,0.0,0.0,0.0,0.0,0.0,0.0,0.0,0.0,0.0,0.0,0.0,0,0,0,0,0,0,0,0.0,0.0,0.0,0.0,0.0,0.0,0.0,0.0,0.0,0.0,0.0
93111196,005930,70100.0,1302531,70160.0,49.99999999965,99.9144811858609,50.0,58.333333333333336,1.0000581209965516,0.8986408435360479,0.0,0.0,0.0,100.0,0.0,0.0,0.0,0.0,0.0,0.0,0.0,0.0,0.0,0.0,0.0,0,0,0,0,0,0,0,0.0,0.0,0.0,0.0,0.0,0.0,0.0,0.0,0.0,0.0,0.0
93111396,005930,70200.0,1302532,70160.0,66.66666666635555,100.05701254275941,75.0,58.333333333333336,1.000051824829007,0.8962797677354282,1302532.0,0.0,0.0,100.0,0.0,0.0,0.0,0.0,0.0,0.0,0.0,0.0,0.0,0.0,0.0,0,0,0,0,0,0,0,0.0,0.0,0.0,0.0,0.0,0.0,0.0,0.0,0.0,0.0,0.0
93111490,005930,70200.0,1302533,70160.0,66.66666666635555,100.05701254275941,75.0,66.66666666666667,1.0000455287504078,0.8939385466579262,0.0,0.0,0.0,-100.0,0.0,0.0,0.0,0.0,0.0,0.0,0.0,0.0,0.0,0.0,0.0,0,0,0,0,0,0,0,0.0,0.0,0.0,0.0,0.0,0.0,0.0,0.0,0.0,0.0,0.0
93112099,005930,70200.0,1302556,70160.0,66.66666666635555,100.05701254275941,75.0,75.0,1.0000552789899915,0.8942572349537709,0.0,0.0,0.0,0.0,0.0,0.0,0.0,0.0,0.0,0.0,0.0,0.0,0.0,0.0,0.0,0,0,0,0,0,0,0,0.0,0.0,0.0,0.0,0.0,0.0,0.0,0.0,0.0,0.0,0.0
